2633 3738
199 377 212 388 ²
269 358 516 421 Denique
533 363 679 420 quun
723 358 988 410 luxuriosi
1004 358 1211 412 Reum
1252 360 1302 408 in
1342 359 1798 422 pocillatoribus
1829 359 2107 409 Asiaticis
2157 359 2353 421 fuerint,
2401 363 2453 409 111

130 439 344 506 emendis
379 440 528 489 servis
558 439 766 500 musicis,
800 439 962 502 quales
985 444 1148 493 orant
1159 440 1532 501 sambucinae,
1565 440 1854 501 fidicinas,
1898 441 2136 503 tibicinae,
2184 442 2453 504 ceterisque

138 524 190 572 in
222 522 386 584 pueris
418 522 645 571 Asiaticis
679 526 823 584 atque
845 522 1096 582 ‚delicatia
1117 522 1401 577 conferenda
1422 527 1558 583 sunt,
1597 536 1722 584 quae
1753 524 1977 584 leguntur
2007 525 2137 585 apud
2169 524 2456 573 Strabonem

133 604 312 665 Geogr.
346 603 406 651 II.
444 607 484 652 3.
518 618 627 665 pag.
665 606 771 653 157.
805 604 1026 664 Tauchn„
1050 604 1188 665 >apud
1203 603 1429 655 sstatium
1457 604 1595 666 Sylv..
1615 604 1678 653 .V.
1715 607 1764 664 5,-
1784 608 1871 654 66.
1933 605 2089 654 Plaut.
2124 606 2271 655 Stich.
2306 606 2368 653 IL
2404 609 2451 666 2,

137 688 213 736 55.
280 686 385 735 Liv.
407 686 628 736 XXXIX.
664 689 741 735 44.
776 685 870 742 Cic.
904 685 1026 737 Phil.
1053 684 1116 736 IL
1149 687 1236 747 18„
1268 686 1495 749 inprimis,
1531 700 1653 748 quae
1686 686 1746 736 de
1779 687 2213 749 pocillatoribus
2247 688 2450 737 adnota-

127 770 207 818 vit
239 769 553 817 Heinrichius-
575 769 639 818 ad
671 769 952 821 Juvenalem
985 768 1126 819 Satir.
1159 768 1218 816 V.
1250 772 1322 817 56.
1357 768 1440 817 XI.
1479 772 1586 817 146.

809 1187 918 1250 nn
968 1139 1174 1251 LIBRI
1211 1186 1284 1251 11.
1347 1186 1684 1252 cium
1733 1188 1784 1253 6.

264 1343 412 1393 Plane
457 1359 544 1405 ego
589 1344 758 1401 Carolo
800 1344 1009 1392 Frankio
1025 1344 1066 1409 1)
1111 1346 1355 1406 assentior,
1406 1345 1495 1393 hoc
1539 1359 1727 1394 carmen
1773 1345 1917 1394 scribi
1961 1361 2052 1394 non
2097 1347 2311 1407 potuisse
2356 1347 2451 1395 nisi

81 1483 104 1486 n
124 1427 255 1476 bello
289 1427 509 1475 interum.
529 1427 581 1474 in
613 1425 878 1474 Cantabros
912 1426 1051 1474 facto.
1121 1426 1213 1487 Qui
1258 1441 1402 1488 quum
1445 1440 1487 1473 a.
1520 1442 1565 1474 u.
1602 1428 1710 1474 729.
1753 1428 1815 1475 ab
1849 1427 2065 1488 Augusto
2110 1429 2226 1476 victi
2273 1434 2450 1489 essent,

124 1509 274 1570 paulo
289 1538 293 1549 ι
307 1513 417 1569 post
451 1510 551 1557 sive
589 1523 629 1556 a.
663 1523 708 1556 u.
743 1523 780 1556 c.
815 1510 893 1555 29.
928 1513 1129 1557 exeunte
1163 1509 1262 1557 sive
1304 1523 1346 1557 a.
1380 1524 1425 1556 u.
1463 1512 1537 1557 30.
1570 1510 1763 1558 ineunte
1796 1510 2099 1570 rebellarunt,
2123 1511 2165 1574 ²)
2198 1510 2324 1559 unde
2358 1511 2459 1562 hoc,

131 1591 336 1640 carmine
369 1606 412 1640 v.
447 1594 490 1639 2.
559 1590 838 1640 Cantaber
882 1590 1140 1657 indoctus
1179 1592 1313 1652 jugo
1347 1590 1500 1640 ferre
1532 1596 1728 1639 nostra
1763 1591 1947 1640 dicitur.
1990 1592 2120 1652 „Qua
2152 1607 2206 1641 re
2237 1593 2341 1641 veri
2375 1594 2443 1641 si-

123 1674 241 1722 mile
276 1678 362 1734 est,
409 1673 499 1722 hoc
532 1673 636 1733 ipso
671 1677 884 1733 tempore
917 1672 966 1720 id
1000 1680 1189 1721 carmen
1223 1673 1448 1733 scriptum
1483 1688 1600 1732 esse,
1646 1677 1702 1721 ut
1733 1688 1887 1734 neque
1919 1673 2449 1724 Kirchneri‘sententia

130 1756 248 1804 mihi
292 1755 523 1816 probetur
556 1754 617 1803 ad
652 1769 822 1802 annum
856 1769 900 1802 u.
933 1769 971 1802 c.
1008 1757 1116 1802 718.
1163 1754 1426 1814 referentiS,
1472 1770 1624 1815 neque
1658 1755 2023 1816 Vanderburgii,
2069 1758 2297 1817 scriptum
2341 1771 2448 1806 esse

125 1842 244 1885 aute
287 1850 434 1898 -quam
478 1837 708 1885 Horatius
744 1836 916 1884 Sabino
967 1837 1173 1892 donatus-
1213 1837 1288 1885 sit.
1354 1837 1401 1884 N
1403 1852 1456 1885 ec
1502 1838 1551 1884 in
1595 1838 1670 1900 his
1714 1837 1873 1885 verbis
1917 1839 2293 1887 recordationem
2333 1840 2449 1887 belli

130 1919 450 1979 Philippensis
484 1920 638 1967 inesse
672 1919 824 1978 video,
844 1961 847 1964 .
867 1933 966 1977 nec,
1012 1920 1053 1966 si
1099 1919 1287 1979 inesset,
1338 1920 1440 1981 ejus
1473 1921 1546 1968 rei
1579 1921 1805 1969 memoria
1839 1921 2092 1968 obliterata
2125 1921 2311 1981 fuisset,
2352 1937 2447 1982 quo

123 2005 344 2061 tempore
386 2001 476 2049 hoc
521 2015 711 2049 carmen
754 2000 892 2048 mihi·
916 2001 1144 2060 scriptum
1175 2001 1376 2049 videtur.
1445 2001 1538 2049 Sed
1572 2017 1601 2049 a
1635 2007 1796 2050 vetere
1841 2007 1999 2051 tamen
2042 2003 2125 2051 illo
2171 2003 2448 2051 commilitio

123 2082 332 2133 Horatio
366 2097 472 2132 cum
501 2081 740 2144 Septimio,
776 2082 858 2144 qui
892 2082 1035 2131 etiam
1070 2081 1247 2132 Caesari
1281 2083 1499 2145 Angusto
1532 2082 1928 2133 familiarissimus
1941 2083 1979 2145 ⁸)
2016 2088 2153 2144 esset,
2188 2084 2448 2133 amicitiam

112 2165 346 2214 intimam
380 2166 701 2214 intercessisse
736 2167 950 2225 apparet.

265 2247 445 2307 Quibus
490 2248 632 2295 rebus
668 2248 898 2295 adductus
943 2246 1089 2295 fuerit
1122 2252 1274 2308 poeta,
1320 2252 1376 2295 ut
1410 2248 1640 2296 scriberet
1686 2249 1775 2296 hoc
1809 2262 2010 2308 carmen,
2055 2263 2209 2309 neque
2243 2263 2305 2297 ex
2337 2263 2445 2297 car-

122 2330 254 2377 mine
287 2330 392 2389 ipso
425 2343 512 2377 nec
544 2329 733 2376 aliunde
766 2334 1020 2390 agumenta
1052 2330 1187 2377 nobis
1221 2334 1353 2376 certa
1385 2334 1551 2389 petere
1585 2331 1709 2377 licet.
1763 2330 1871 2377 Sed
1903 2331 2054 2379 omnis
2086 2335 2245 2378 tamen
2273 2332 2445 2378 carmi-

123 2411 203 2458 nis
235 2415 374 2459 tenor
408 2416 551 2471 atque
584 2412 846 2458 moderatio
880 2412 1084 2458 animum
1126 2411 1312 2470 quidem
1346 2412 1521 2458 amoris
1553 2412 1603 2458 in
1635 2411 1917 2471 Septimium
1961 2413 2206 2459 tenerrimi
2236 2412 2443 2471 pienum,

124 2492 216 2541 sed
248 2492 483 2541 dolentem
516 2493 677 2553 prodit
709 2492 945 2554 rebusque
991 2492 1318 2554 praesentibus
1363 2506 1533 2553 pamm
1580 2480 1852 2541 contentum
1892 2506 1979 2541 nec
2013 2490 2103 2540 sibi
2136 2497 2443 2541 constantem.

130 2573 282 2637 Quam
314 2575 458 2623 animi
491 2575 797 2634 affectionem,
833 2589 955 2636 quae
976 2589 1018 2623 ve
1050 2589 1247 2635 corpore
1279 2574 1400 2623 male
1427 2573 1602 2623 affecto
1637 2576 1878 2634 extiterat,
1911 2567 2056 2635 poeta
2087 2575 2190 2635 ipse
2219 2580 2446 2624 accurate

122 2655 381 2718 descripsit
412 2657 617 2718 primum
650 2657 870 2718 Epistola
901 2657 1013 2705 libri
1045 2656 1083 2704 L
1118 2656 1320 2717 septima
1351 2671 1396 2705 v.
1431 2659 1508 2704 44.

857 2740 995 2787 mihi
1023 2740 1136 2801 jam
1168 2754 1272 2787 non
1303 2738 1463 2798 regia
1497 2739 1683 2798 Roma,

526 2822 632 2869 Sed
665 2835 895 2878 vacuum
929 2821 1102 2869 Tibur
1134 2822 1317 2881 placet
1350 2825 1446 2868 aut
1478 2821 1700 2868 imbelle
1735 2821 2056 2880 Tarentum

121 2905 230 2951 tum
262 2904 431 2953 melius
465 2905 610 2953 etiam
644 2903 854 2966 ejusdem
886 2903 998 2951 libri
1031 2903 1232 2964 epistola
1266 2904 1308 2949 8.
1342 2918 1484 2951 versu
1523 2906 1596 2950 11.

395 2985 545 3045 Quae
577 3000 815 3034 nocuere
849 3000 1070 3046 sequar,
1104 2984 1311 3045 fugiam
1345 2999 1485 3045 quae
1519 2984 1752 3044 profore
1785 2984 2027 3045 credam,

391 3064 592 3116 Romae
626 3067 799 3115 Tibur
833 3080 1004 3115 amem
1036 3071 1319 3125 ventosuS,
1355 3065 1564 3114 Tibure
1598 3065 1831 3114 Romam.

150 3242 153 3245 ⁴
200 3238 203 3240 .
264 3196 1063 3256 ι)<1·“1ιε1Ηοι·.[138.1’16.’“)1)ὶο
1092 3194 1213 3240 Cass.
1243 3195 1318 3239 LI.
1347 3196 1416 3239 20.
1446 3195 1543 3239 coll
1573 3195 1694 3239 Ern.
1723 3194 1866 3240 Guil.
1895 3194 2125 3241 Weber-o
2152 3195 2211 3241 de
2239 3196 2296 3251 Q.
2325 3196 2446 3241 Hor.

124 3260 292 3308 Flacco
319 3279 363 3323 p.
392 3265 491 3309 253.
551 3264 587 3321 ⁸)
619 3263 688 3308 Of.
719 3263 993 3307 Richterus
1021 3263 1077 3307 ad
1105 3262 1304 3307 Suetonii
1333 3262 1481 3306 Vitam
1511 3263 1620 3306 Hor.
1649 3278 1752 3322 pag.
1774 3263 1847 3307 38.
1908 3275 1916 3280 ·
