2633 3738
1142 70 1486 137 —127-

121 199 245 262 ἠς
258 197 558 259 „Meuius
584 184 1165 262 puerumque-maen,
1181 199 1265 262 qni
1288 199 1493 261 stirpis
1516 198 1723 260 regiae
1734 203 2007 260 numne.
2025 199 2462 264 menandi-iffi

136 278 382 332 Μῶα
405 280 512 342 qui
512 280 705 331 fletam
716 279 911 332 adultae
944 285 1069 343 sunt,
1115 280 1243 343 apud
1274 280 1479 334 Livium
1490 280 1543 330 I.
1568 283 1664 341 474--
1677 283 1740 330 5
1767 279 1976 342 negiu
1986 281 2248 345 ‚avonis
2242 279 2314 332 “Ι·ι.·
2339 281 2467 334 m

136 361 348 423 quinino,
384 363 575 421 {iz-10.
608 361 759 424 regii
792 362 1053 425 juvenes
1055 361 1172 414 Sex.
1205 367 1258 414 et
1289 362 1552 420 Collatinus
1584 362 1878 424 Tarquinii
1910 361 2187 415 &cutura-:a
2198 362 2293 414 Ut
2314 364 2466 426 igtur

137 441 231 492 hie
248 453 392 504 puer
422 454 490 492 ex
522 442 655 491 aula
684 443 847 505 regius
881 447 960 493 eat
983 456 1124 506 puer
1143 445 1235 495 vel
1254 444 1420 507 stirpis
1452 445 1636 507 regiae,
1662 444 1747 507 qui
1779 443 1906 494 bello
1936 447 2114 506 captus
2128 444 2276 494 inter
2295 454 2462 495 mos

135 524 423 575 domenicus
455 525 651 586 vinique
680 525 901 575 minister
932 525 1141 576 futurus
1159 531 1234 575 est
1259 526 1429 588 Iccio,
1438 528 1508 577 sic
1539 527 1698 577 verba
1721 526 1914 576 Horatii
2094 553 2097 555 ·
2443 557 2449 564 ·

937 605 1111 669 Quae
1123 608 1232 657 tibi
1265 609 1548 670 virgi-num

671 688 855 752 Sponso
885 694 1056 741 nemo
1090 690 1335 740 barbara
1367 691 1581 741 serviet?
1634 697 1639 704 ’

135 772 303 834 virgo
347 773 526 833 regia,
576 773 705 834 regis
750 772 946 821 barbari
989 773 1088 822 filia
1128 778 1215 834 est,
1262 788 1385 835 quae
1429 774 1608 822 acriter
1640 773 1835 823 defensa
1873 788 1904 821 a
1937 787 2111 835 sponso
2149 773 2301 835 regio
2316 777 2464 834 capta

134 853 330 903 tandem
363 855 534 903 ancilla
568 854 732 903 futura
766 854 880 902 Iccii
913 854 1121 916 fingitur.
1190 856 1292 916 Quo
1327 872 1434 905 cnm
1465 858 1571 905 loco
1604 857 1844 905 commode
1877 856 2199 915 conferuntur,
2240 869 2362 918 qnae
2394 855 2464 904 le-

136 940 319 995 guntur
353 936 483 996 apud
515 936 770 983 Horatium
805 935 892 984 Od.
926 936 1012 983 111.
1048 941 1093 996 2,
1130 941 1172 985 6.
1207 953 1307 998 sqq.

938 1017 1080 1066 Illum
1116 1034 1175 1066 ex
1209 1018 1441 1066 moenibus
1474 1018 1669 1065 hosticis

676 1098 942 1148 Matrona
972 1100 1241 1148 bellantis
1275 1099 1502 1160 tyranni

810 1179 1111 1242 Prospiciens
1145 1186 1194 1231 et
1226 1181 1391 1231 adulta
1425 1181 1603 1243 virgo¹

674 1262 906 1324 Suspirea
942 1263 1080 1323 eheu,
1110 1278 1169 1312 ne
1203 1262 1336 1312 rudis
1371 1263 1609 1324 agminum

677 1344 924 1405 Sponsus
956 1345 1161 1393 lacessat
1194 1345 1388 1405 regius
1420 1357 1641 1406 asperum

808 1426 961 1475 Tactu
994 1427 1177 1475 leonem
1210 1454 1278 1462 -

135 1509 232 1558 Eat
279 1513 534 1557 matrona
585 1509 675 1557 hic
725 1510 973 1569 tyranni,
1023 1524 1145 1570 quae
1190 1509 1317 1569 apud
1352 1509 1574 1558 Ovidium
1608 1510 1725 1557 Met.
1759 1508 1841 1557 IX.
1889 1510 1999 1557 259.
2042 1509 2243 1571 conjux
2287 1508 2461 1569 regia,

136 1591 331 1641 Heroid.
367 1591 425 1639 V.
460 1592 538 1639 85.
572 1596 826 1640 matrona
859 1592 1128 1651 potentis,
1175 1592 1302 1652 apud
1337 1591 1609 1640 Ciceronem
1644 1592 1829 1640 Tuscul.
1864 1592 1921 1640 V.
1958 1593 2035 1651 20,
2073 1593 2148 1640 58.
2187 1590 2314 1640 filiae
2347 1590 2462 1639 Dio·

133 1674 264 1735 n'ysii
296 1673 489 1734 tyranni
533 1672 728 1733 regiae
772 1672 1047 1732 virgines,
1094 1672 1263 1722 Catull.
1298 1673 1471 1722 LXIV.
1505 1675 1583 1721 86.
1633 1673 1843 1722 Ariadne
1893 1673 2053 1734 virgo
2098 1673 2274 1733 regia,
2325 1671 2462 1721 Ovid.

134 1756 253 1805 Her.
286 1755 442 1805 XVII.
480 1756 587 1804 193.
655 1754 871 1803 Minoia
903 1755 1085 1815 virgo,
1131 1755 1304 1816 Virgil.
1338 1756 1454 1805 Aen.
1489 1755 1550 1803 II.
1586 1757 1695 1803 403.
1743 1755 2024 1804 Priameia
2066 1755 2226 1815 virgo
2261 1753 2461 1804 Cassan*-

138 1837 242 1898 dra,
280 1837 417 1886 Ovid.
445 1838 504 1885 A.
534 1837 591 1884 A.
620 1837 656 1884 I.
689 1839 799 1885 697.
834 1837 1084 1886 Deidamia
1118 1838 1277 1898 virgo
1312 1837 1541 1897 regaliS,
1576 1837 1694 1885 Met.
1723 1836 1830 1885 VH.
1859 1840 1936 1884 21.
1970 1836 2156 1896 Medea,
2189 1835 2321 1884 XIII.
2352 1837 2463 1898 523·

137 1920 400 1982 Polyxena,
447 1919 589 1968 Statii
620 1919 765 1967 Theb.
793 1919 903 1968 VII.
936 1922 1047 1967 246.
1082 1919 1274 1968 Jocaste
1307 1920 1384 1967 vel
1417 1919 1607 1979 regiae
1641 1919 1719 1967 vel
1750 1919 1978 1979 reginae
2010 1918 2264 1978 virgines
2297 1918 2461 1978 appel·
2495 1928 2500 1940 ·

132 2003 313 2052 lantur.
365 2002 517 2062 Quae
549 2016 696 2063 quum
729 2001 854 2050 bello
888 2006 1056 2061 captae
1083 2006 1251 2060 essent,
1284 2002 1563 2050 tristissima
1597 2000 1790 2049 fortuna
1821 2015 1938 2049 usae
1971 2000 2191 2050 feruntur
2223 2000 2300 2048 vel
2332 2000 2462 2060 regis

131 2084 332 2134 victoris
365 2084 444 2133 vel
476 2083 590 2134 belli
624 2082 756 2132 ducis
790 2083 987 2132 ancillae
1021 2082 1190 2143 factae,
1224 2087 1279 2131 ut
1310 2082 1439 2143 apud
1472 2081 1694 2131 Plautum
1728 2082 1864 2132 Truc.
1896 2081 1959 2131 II.
1993 2084 2038 2142 6,
2061 2083 2146 2131 ⁷50.
2183 2084 2258 2130 11.
2292 2080 2459 2131 ancil·-

130 2167 223 2216 lae
246 2166 549 2215 adducuntur
567 2165 702 2226 duae,
743 2180 913 2227 „quae
941 2165 1169 2225 reginae
1205 2165 1347 2213 domi
1380 2178 1514 2214 suae
1548 2164 1704 2214 fuere
1738 2164 1960 2213 ambae:
1994 2178 2184 2213 verum
2216 2164 2460 2226 patriam

135 2263 239 2310 ego
274 2248 465 2298 excidi
498 2262 673 2296 manu.
741 2247 820 2296 Iis
854 2252 910 2296 te
943 2248 1122 2296 douo.“
1144 2248 1179 2308 ¹)
1230 2248 1297 2295 Et
1325 2261 1448 2309 quae
1471 2248 1583 2295 olim
1605 2246 1738 2307 regia
1761 2247 1932 2310 conjux
1950 2247 2129 2295 Priami
2158 2246 2330 2306 fuerat,
2357 2246 2462 2294 He-

133 2331 292 2390 cuba,
328 2331 457 2390 apud
492 2329 715 2378 Ovidium
742 2330 858 2377 Met.
877 2329 1008 2377 XIII.
1041 2332 1136 2376 510
1170 2330 1342 2377 ancilla
1374 2329 1504 2377 faeta
1537 2329 1796 2389 Penelopes
1829 2343 1978 2389 pensa
2005 2328 2201 2389 fingitur
2235 2333 2464 2376 tractura.

130 2412 282 2473 Apud
317 2412 572 2472 Virgilium
605 2412 724 2459 Aen.
757 2410 819 2458 II.
856 2393 967 2459 7'85.
1000 2412 1168 2459 umbra
1201 2411 1441 2460 Creusae
1475 2411 1685 2458 Aeneam
1718 2411 2040 2458 consolatura:

542 2492 680 2553 „Non
714 2492 1193 2554 egoMyrmidonum
1229 2492 1364 2542 sedes
1397 2492 1692 2553 Dolopumve
1727 2491 1958 2553 superbas

538 2574 795 2636 Aspiciam,
831 2578 918 2623 aut
951 2573 1094 2623 Grais
1128 2575 1358 2629 servitum
1393 2574 1626 2622 matribus
1659 2573 1754 2633 ibo,

539 2657 777 2707 Dardanis
812 2662 862 2706 et
895 2657 1035 2707 divae
1070 2657 1271 2706 Veneris
1305 2659 1494 2705 nurusf‘

131 2741 324 2790 Deinde
357 2740 590 2790 Horatius
622 2739 710 2788 Od.
744 2738 831 2788 111.
866 2743 945 2800 27,
983 2743 1059 2789 62.
1093 2740 1373 2800 Europam
1405 2740 1541 2789 haec
1556 2739 1673 2788 facit
1705 2740 1764 2788 de
1800 2755 1851 2789 se
1884 2740 2176 2839 loquentem:

1077 2836 1195 2882 „age
1227 2828 1276 2870 te
1311 2823 1550 2882 procellae

604 2904 756 2954 Crede
791 2905 956 2965 veloci,
990 2904 1084 2954 nisi
1118 2905 1266 2954 herile
1299 2904 1451 2954 mavis

804 2985 1015 3048 Carpere
1049 3001 1258 3047 pensum,

605 3069 814 3130 Regius
847 3069 1094 3131 sanguis,
1129 3067 1438 3130 dominaeque
1470 3067 1600 3116 tradi

603 3150 850 3199 Barbarae
884 3151 1083 3212 pellex.“

274 3265 312 3324 ¹)
344 3265 414 3311 Cf.
446 3266 606 3310 Horat.
637 3265 723 3310 od.
756 3265 815 3308 11.
844 3266 887 3309 4.
