2633 3738
1155 156 1496 202 ...5--

151 293 263 343 ᾱιιι
288 292 426 358 sunt
435 300 553 335 m
564 289 716 346 atque
739 285 905 354 offinni
901 276 1071 350 suun·
1078 291 1151 336 m
1156 297 1384 346 corpore
1380 285 1508 333 bene
1542 283 1767 332 mundo
1776 287 1972 343 ponunt,
2006 281 2155 334 dediti
2186 280 2297 331 vino
2324 284 2476 341 atque

150 372 369 424 luxuriae
403 355 453 420 et
484 381 646 417 rerum
688 351 889 417 naturae
922 349 1286 416 amoenitatibus
1319 367 1407 416 usi.
1428 365 1464 428 1)
1536 362 1632 425 Qui
1667 365 1779 413 dum
1812 367 2028 424 partem
2069 363 2134 412 de
2169 363 2258 414 die
2289 363 2473 413 solido

150 455 371 504 demere
405 439 641 509 dicuntur,
681 448 864 497 faciunt
895 447 1032 523 (111όᾶ
1044 443 1248 498 Graeci
1263 451 1315 497 ἓν
1343 450 1414 515 τῆ
1441 443 1743 513 μεσημβρία
1761 445 2098 501 ὑποπίνοντες.
2120 447 2157 507 ²)
2224 445 2317 494 Est
2350 446 2484 494 dies'

152 519 384 599 solidus
397 518 592 593 plenu&
594 518 766 614 atque
769 517 1003 606 ιιιὶερεῖ,
996 529 1229 603 nondum
1264 531 1359 592 qui
1359 529 1538 591 vergit
1564 529 1651 577 ad
1665 527 1946 590 vesperum,
1988 528 2073 576 sed
2107 527 2167 576 ab
2202 531 2311 577 ortu
2357 527 2473 577 solis

149 615 349 667 tantum
359 615 600 676 quantum
634 628 681 661 a
672 599 929 674 Vespero
946 599 1102 662 abest.
1111 614 1151 675 ⁸)
1218 613 1386 676 Itaque
1428 612 1559 674 'apud
1593 611 1817 660 Ovidium
1850 611 1966 659 Met
2001 605 2108 659 vn.
2145 612 2253 658 181.
2320 610 2473 672 Luna,

151 686 286 762 Quis&
293 682 511 750 solida
523 693 711 746 ¹terras
744 698 1030 767 spectavit
1062 697 1320 770 imagine,
1371 697 1512 757 plena
1546 700 1621 742 est
1652 695 1779 754 luna,
1812 698 1880 740 ut
1923 694 2134 741 solidus
2180 703 2355 740 annus
2398 694 2473 740 'm-

150 768 318 843 teger*
316 780 485 838 annua
515 778 597 827 cui
629 777 750 829 nihil
783 778 929 889 deest,
964 782 1013 827 et
1047 767 1285 828 'solidum
1318 779 1654 839 stipendium
1689 782 1763 826 est
1796 774 2047 834 annuum,
2055 777 2100 835 4)
2136 768 2353 824 semestri
2387 790 2473 835 op—

152 855 412 926 positum.
527 893 530 897 -
581 896 584 898 >
1080 889 1084 891 -

288 940 333 1002 ’7.
382 942 479 992 Ut
478 939 862 1004 Ὀλυμπιονίκης
906 941 1075 991 solam
1088 937 1298 1015 sectatur
1347 948 1396 991 et
1429 944 1530 991 sine
1563 936 1779 990 mercede
1811 942 2025 1016 gloriam,
2070 941 2140 988 sic
2172 941 2256 1002 qui
2301 941 2474 988 militia

145 1024 359 1102 Juvatnr,
404 1024 516 1075 belli
550 1013 704 1087 gloria
744 1023 1038 1087 militiaeque
1081 1026 1304 1087 praemiis
1340 1026 1616 1086 delectatur,
1663 1030 1712 1075 et
1745 1030 1998 1086 postquam
2042 1023 2155 1073 dato
2196 1024 2332 1084 signo
2366 1038 2473 1072 cor·

154 1111 378 1171 unaque
406 1121 477 1156 ac
500 1107 667 1155 tubae
702 1107 1054 1168 concinuere,
1070 1107 1107 1169 ⁵)
1141 1107 1318 1157 medios
1354 1122 1406 1158 se
1438 1107 1653 1156 immittit
1686 1107 1735 1156 in
1767 1107 1933 1168 hostis,
1967 1120 2055 1156 nec
2094 1119 2266 1186 curans
2297 1105 2468 1155 matris

153 1192 372 1262 lacrimae
405 1204 561 1251 neque
591 1190 706 1238 vitae
742 1203 951 1250 parcens
976 1205 1087 1238 suae.

220 1323 223 1327 ,
288 1274 332 1319 8
381 1272 633 1321 Venator
675 1276 909 1319 tenerae
942 1272 1195 1334 conjugis
1228 1273 1513 1321 immemor
1546 1286 1698 1332 neque
1731 1272 1930 1332 gloriam
1963 1284 2116 1332 neque
2149 1271 2353 1335 honores
2387 1282 2474 1318 nec

107 1406 113 1411 ,
153 1357 314 1404 cetera
346 1353 588 1423 commoda
631 1353 714 1406 his,
741 1354 1006 1402 communia
1051 1355 1235 1415 quaerit,
1281 1355 1363 1403 sed
1397 1354 1569 1403 virium
1613 1353 1784 1401 robore
1829 1357 1878 1401 et
1922 1353 2211 1402 dexteritate
2252 1351 2474 1415 corporis

158 1453 271 1486 usus
305 1436 505 1485 venandi
540 1436 698 1484 studio
732 1440 935 1496 tenetur,
971 1437 1308 1497 asperitatibus
1343 1437 1449 1499 coeli
1484 1423 1729 1498 expositus
1764 1440 1813 1485 et
1847 1451 1876 1484 a
1910 1437 2022 1485 vitae
2050 1436 2351 1499 jucunditate
2385 1435 2471 1485 do-
2531 1457 2542 1471 ⁴

157 1519 366 1569 mesticae
415 1522 638 1567 remotus.
707 1518 1108 1579 Quemadmodum
1154 1533 1298 1580 supra
1341 1520 1577 1572 hominem
1621 1519 1809 1567 mollem
1841 1523 1988 1578 utque
2025 1518 2346 1579 voluptarium
2389 1533 2475 1566 na-

155 1606 286 1660 turae
315 1600 450 1649 bonis
484 1601 679 1649 aestivae
714 1599 919 1667 diximus
965 1599 1061 1649 frui
1095 1601 1156 1650 ad
1189 1601 1509 1650 titillationem
1544 1600 1758 1649 sensibus
1793 1600 2118 1660 adhibendam,
2163 1600 2234 1648 ita
2266 1605 2469 1654 venator

158 1684 237 1732 hic
267 1684 493 1732 virtutem
527 1665 761 1744 quandam
794 1683 1031 1743 privatam
1065 1683 1265 1732 ludendo
1300 1698 1523 1732 exercens
1559 1697 1729 1743 aspero
1763 1683 2001 1731 auctumni
2041 1689 2254 1743 tempore
2295 1683 2473 1743 gaudet

157 1766 505 1827 commodisque
539 1765 775 1826 propriis.

294 1850 336 1894 9.
370 1848 585 1907 Denique
620 1847 849 1895 Horatius
877 1861 1066 1909 quoque
1100 1846 1275 1896 habere
1309 1862 1359 1895 se
1386 1847 1514 1907 dicit,
1550 1861 1645 1909 qua
1672 1861 1726 1896 re
1755 1847 2017 1896 delectetur
2045 1847 2251 1896 omnium
2268 1848 2477 1897 maxime

158 1931 422 1991 beatusque
457 1931 545 1989 sit3
598 1930 751 1990 lyrica
795 1930 927 1989 poesi
963 1929 1189 1977 delectari
1234 1945 1284 1977 se
1318 1931 1434 1977 dicit
1467 1934 1701 1977 remotum
1735 1943 1765 1977 a
1797 1931 1940 1990 vulgo
1975 1929 2187 1991 profano,
2227 1931 2479 1992 gelidoque

155 2016 402 2074 receptum
436 2027 625 2061 nemore
646 2012 683 2073 6)
728 2012 912 2072 levibus
945 2012 1273 2074 Nympharum
1308 2012 1681 2074 Satyrorumque
1722 2014 1983 2074 agrestium
2029 2013 2186 2061 choris
2220 2014 2479 2062 immistum

161 2097 310 2146 verba
345 2096 567 2147 socianda
582 2130 586 2133 -
599 2096 789 2144 chordis
821 2095 1056 2156 meditari,
1101 2110 1208 2158 quae
1241 2096 1453 2158 Euterpe
1486 2096 1702 2157 inspiret,
1747 2100 1914 2145 cantus
1959 2096 2169 2158 fidesque
2207 2097 2483 2146 moderetur

161 2179 489 2242 Polyhymnia,
556 2178 727 2241 Itaque
760 2182 809 2228 et
852 2179 1010 2240 ipsum
1055 2183 1238 2228 naturae
1272 2194 1430 2227 rerum
1468 2180 1633 2241 juvari
1683 2181 2047 2228 amoenitatibus
2093 2185 2237 2242 atque
2270 2180 2482 2229 delecta-

159 2262 344 2323 mentiS,
390 2276 476 2311 nec
508 2266 667 2311 tamen
701 2266 756 2310 ut
789 2262 839 2309 in
871 2261 1059 2310 homine
1091 2261 1361 2323 voluptario
1409 2262 1512 2310 haec
1546 2276 1745 2323 corpore
1786 2267 1972 2311 tantum
2006 2277 2240 2324 sensuque
2283 2264 2483 2325 percipi,

158 2345 246 2394 sed
278 2349 485 2394 mentem
532 2345 675 2393 etiam
723 2344 1149 2406 cogitationemque
1194 2345 1257 2392 ali
1302 2343 1539 2405 significat
1585 2345 1839 2405 divinoque
1886 2345 2059 2405 spiritu
2104 2344 2385 2393 inflammari
2419 2346 2483 2394 ad

155 2427 369 2476 carmina
404 2426 644 2476 condenda
671 2426 834 2488 lyrica.
902 2426 1063 2489 Atque
1098 2426 1206 2475 inde
1234 2430 1412 2488 praeter
1439 2430 1623 2476 ceteros
1652 2427 1804 2488 lyrica
1832 2442 1882 2476 se
1911 2427 2043 2488 poesi
2073 2427 2299 2477 delectari
2329 2443 2482 2489 eoque

159 2510 316 2559 studio
348 2510 539 2558 beatum
573 2510 752 2557 haberi.
822 2508 938 2569 Quae
972 2508 1161 2570 quidem
1194 2516 1287 2557 una
1324 2513 1373 2557 et
1407 2509 1584 2557 sentire
1619 2514 1668 2557 et
1701 2510 1822 2558 velle
1857 2523 1908 2558 se
1944 2510 2082 2569 dicit3
2119 2510 2201 2558 sed
2232 2514 2287 2558 ut
2320 2510 2479 2570 prima
2545 2537 2556 2548 -

158 2593 357 2654 stropha
392 2592 587 2640 dimidia
622 2591 853 2639 Horatius
888 2595 1026 2652 grato
1060 2591 1213 2639 animo
1248 2589 1492 2652 professus
1528 2595 1603 2640 est
1636 2591 1810 2641 debere
1844 2592 2095 2641 Maecenati
2141 2607 2246 2640 cum
2280 2592 2482 2641 tutelam
2526 2621 2532 2632 -

160 2675 568 2736 patrociniumque
602 2679 703 2722 tum
739 2674 960 2722 amicitiae
988 2673 1339 2736 jucundissimae
1374 2672 1559 2734 decora,
1596 2674 1768 2736 quibus
1803 2680 2009 2733 ornetur,
2045 2675 2112 2722 sic
2145 2673 2324 2723 ultimae
2353 2679 2481 2723 stro-

159 2839 341 2887 relatus
367 2841 408 2887 si
438 2839 598 2899 fuerit,
633 2844 736 2887 tum
770 2839 955 2887 demum
989 2840 1310 2887 beatissimum
1340 2852 1392 2888 se
1421 2840 1724 2901 deorumque.
1746 2840 1945 2904 similem
1969 2840 2071 2888 fore
2098 2839 2364 2901 profitetur.
2408 2840 2480 2891 Et

160 2921 349 2984 abJecta
384 2922 523 2970 Harii
558 2923 842 2984 conjectura,
879 2923 960 2983 qui
994 2938 1037 2971 v.
1072 2924 1148 2969 29.
1183 2937 1270 2983 pro
1303 2922 1500 2983 vulgata
1533 2923 1646 2983 Me,
1682 2937 1824 2984 quam
1856 2923 2006 2984 probe
2040 2928 2205 2993 tuetur
2233 2923 2480 2972 Bernhar-

298 3135 329 3186 ¹)
359 3134 429 3179 Cf.
462 3135 695 3179 Lucretius
723 3135 784 3178 11.
812 3136 882 3179 29.
911 3150 1032 3195 seqq.
1071 3135 1127 3179 V.
1158 3135 1279 3179 1391.
1310 3149 1431 3194 seqq.
1490 3134 1524 3189 ²)
1553 3134 1758 3195 Xenoph.
1788 3134 1968 3193 Hellen.
1997 3135 2054 3181 V.
2083 3137 2126 3194 4,
2152 3127 2224 3185 4'0.
2262 3136 2343 3183 VI.
2371 3138 2416 3195 4,
2440 3138 2487 3185 8.

168 3198 204 3254 ³)
233 3199 418 3246 Ovidius
447 3203 503 3247 A.
533 3203 590 3246 A.
620 3203 706 3247 111.
749 3203 845 3247 723.
903 3202 1013 3249 Met.
1049 3203 1135 3247 XI.
1172 3204 1268 3247 353.
1325 3202 1371 3246 J.
1411 3203 1465 3246 A.
1508 3202 1722 3247 Ernesti
1763 3202 1925 3262 Opuac.
1965 3200 2070 3263 phil.
2115 3212 2162 3251 et
2198 3206 2294 3251 crit.
2330 3221 2375 3265 p.
2414 3205 2487 3251 25.

159 3266 205 3318 ⁴)
230 3266 385 3313 Livius
413 3269 449 3315 I.
481 3270 549 3327 19,
575 3270 616 3314 6.
658 3269 779 3326 V.,4‚
808 3270 848 3314 7.
908 3268 1119 3315 Ofisox-v.
1147 3268 1204 3314 ad
1231 3269 1394 3328 Veget.
1424 3269 1480 3314 de
1508 3285 1557 3313 re
1585 3270 1678 3314 mil.
1707 3270 1768 3316 II.
1796 3270 1838 3315 ὅ.
1896 3271 1933 3326 ⁶)
1963 3271 2147 3317 Tacita·
2165 3272 2333 3317 Amul.
2362 3272 2490 3318 Ῑ.68.

160 3330 342 3393 ο),Ηοι·.
376 3335 462 3380 Oct·
493 3337 528 3381 1.
558 3337 601 3393 5,
627 3338 669 3381 3.
699 3337 769 3393 32,
801 3337 931 3380 1..11.
962 3339 1000 3393 1,
1028 3337 1098 3381 39.
1137 3336 1222 3381 111.
1250 3338 1292 3392 4,
1320 3337 1389 3380 40.
1419 3337 1488 3392 25,
1519 3340 1558 3380 1.
1588 3352 1711 3397 seqq.
1750 3338 1831 3382 lv.
1859 3338 1904 3395 9,
1929 3339 1973 3383 4.
2098 3372 2100 3375 -
