2633 3738
1285 635 1365 724 I.

884 781 982 845 nn
1020 774 1224 846 unm
1259 782 1303 846 1.
1342 780 1678 845 osam
1723 780 1772 845 1.

741 924 1408 1014 HORATIANORUM
1457 923 1910 983 CARMINUH.

300 1086 451 1163 Quum
486 1100 539 1163 Q.
572 1101 844 1152 Horatius
877 1104 1113 1153 Flaccus
1146 1104 1402 1153 carminum
1431 1104 1578 1152 libros
1611 1108 1710 1152 tres
1754 1104 1939 1165 priores
1974 1102 2150 1162 ederet,
2194 1101 2256 1150 ad
2290 1100 2340 1150 C.
2377 1100 2489 1150 Cil-

165 1184 314 1232 ninm
345 1183 725 1233 Maecenatem
758 1186 886 1233 misit
919 1181 1123 1234 carmine
1158 1185 1446 1234 dedicatorio
1480 1187 1763 1233 instructos:
1797 1186 1846 1234 in
1881 1200 1974 1247 quo
2009 1185 2221 1233 carmine
2255 1184 2491 1245 antiquis-

102 1285 103 1288 *
166 1264 334 1318 simam
366 1265 638 1326 regiamque
672 1265 965 1314 Maecenatis
998 1267 1270 1327 prosapiam
1303 1266 1499 1315 laudans
1534 1267 1718 1315 atavis
1733 1267 1769 1327 1)
1805 1266 1979 1315 editum
2014 1266 2247 1327 regibus
2280 1266 2404 1313 dixit
2438 1268 2493 1313 et

167 1345 510 1407 praesidium
555 1361 704 1406 suum,
751 1362 843 1407 quo
878 1352 1036 1396 tutore
1080 1351 1224 1409 atque
1257 1348 1512 1409 patr0n02)
1547 1345 1782 1408 utebatur,
1833 1353 1882 1397 et
1912 1348 2069 1397 dulce
2114 1348 2282 1397 decus
2332 1362 2487 1405 suum,

168 1427 304 1489 cujus
338 1426 547 1476 amicitia
580 1419 737 1477 decori
773 1444 916 1489 quum
957 1434 1082 1479 esset
1115 1428 1286 1478 bonam
1318 1430 1388 1479 illi
1423 1430 1622 1479 aliorum
1664 1430 2055 1479 existimationem
2088 1429 2295 1490 vitaeque
2330 1428 2487 1489 digni-

166 1507 317 1559 tatem
350 1510 565 1571 parabat.
586 1510 623 1573 ³)

299 1592 419 1640 Tum
452 1592 588 1640 varia
620 1592 850 1641 Horatius
895 1594 1132 1643 hominum
1166 1593 1323 1643 studia
1355 1599 1581 1655 recenset,
1630 1594 1800 1656 quibus
1836 1594 2033 1656 quisque
2078 1609 2165 1655 pro
2211 1594 2398 1654 ingenio
2435 1598 2490 1642 et

169 1672 313 1722 animi
347 1672 594 1722 affectione
630 1678 678 1722 et
713 1672 905 1730 fortuna
941 1675 1148 1737 vitaeque
1181 1680 1310 1724 statu
1343 1690 1428 1725 suo
1462 1675 1689 1725 delectari
1723 1676 1887 1725 soleat

307 1758 347 1803 l.
388 1755 568 1804 Eorum
602 1760 772 1816 autem,
808 1757 888 1817 qui
922 1771 1008 1805 sua
1043 1757 1134 1805 sibi
1167 1757 1348 1805 ratione
1383 1762 1432 1806 et
1465 1758 1622 1806 studio
1656 1759 1804 1806 vitam
1830 1757 2018 1806 beatam
2048 1763 2276 1819 quaerant,
2305 1757 2487 1818 primos

169 1838 232 1900 (v.
269 1837 428 1899 3-6.)
480 1842 622 1901 poeta
667 1838 879 1899 gloriae
924 1838 1156 1899 cupidos
1200 1839 1359 1900 refert,
1402 1840 1484 1901 qui
1527 1840 1686 1901 palma
1729 1840 1967 1912 nobilitati
2002 1838 2278 1901 Olympiaca
2295 1839 2334 1900 4)
2387 1839 2479 1886 diis

169 1934 311 1981 pares
345 1920 437 1968 sibi
472 1919 588 1968 facti
621 1920 883 1969 videantur.
952 1920 1043 1981 Qui
1077 1922 1153 1970 vel
1185 1936 1343 1982 reges
1390 1926 1501 1970 sunt
1534 1923 1610 1971 vel
1655 1937 1773 1984 quos
1807 1921 2076 1971 Herodotus
2097 1921 2133 1984 ⁵)
2182 1915 2369 1988 ἄνδρας
2402 1938 2486 1968 τε-

168 2001 588 2067 θριπποτρόφους
623 2003 842 2063 appellat.
857 2004 894 2064 6)

304 2087 348 2133 2.
381 2084 539 2134 Versu
573 2087 616 2134 7.
651 2083 700 2135 et
731 2087 773 2134 8.
808 2072 1074 2135 honorum
1107 2078 1503 2148 potentiaeque
1538 2088 1778 2136 studiosi
1815 2087 2047 2148 dicuntur,
2083 2088 2165 2149 qui
2195 2087 2357 2138 favore
2382 2093 2486 2137 stu-

166 2166 342 2229 dioque
376 2168 506 2228 vulgi
549 2172 649 2217 tres
694 2169 1002 2229 magistratus
1049 2169 1308 2218 ordinarios
1354 2185 1571 2230 summos,
1624 2171 1898 2219 aedilitatem
1943 2172 2165 2230 curulem,
2210 2177 2487 2232 praeturam,

165 2250 465 2297 consulatum
500 2250 695 2310 adipisci
730 2252 956 2298 nituntur.
977 2251 1013 2313 ⁷)

304 2333 344 2378 3.
391 2330 623 2380 Versibus
660 2334 702 2379 9.
738 2337 787 2381 et
826 2334 899 2380 10.
932 2332 1361 2381 latifundiorum
1395 2333 1600 2382 domini
1633 2334 1919 2395 referuntur,
1947 2335 2035 2395 ,qui
2064 2334 2376 2382 maximarum
2412 2335 2487 2382 di-

165 2412 391 2462 vitiarum
425 2399 584 2474 cupidi
618 2414 715 2462 suis
760 2404 903 2462 rebus
951 2415 1156 2462 contenti
1201 2429 1292 2462 non
1327 2420 1449 2476 sunt,
1495 2416 1586 2463 nisi
1629 2421 1757 2464 totas
1796 2416 2063 2477 provincias
2101 2417 2334 2464 continuis
2372 2431 2485 2478 pos-

164 2494 458 2543 sessionibus
487 2497 833 2556 occupaverint,
870 2510 1003 2544 omne
1038 2496 1322 2545 frumentum
1356 2497 1454 2545 suis
1487 2498 1538 2545 in
1571 2498 1754 2546 horreis
1789 2499 2074 2558 collegerint.
2089 2498 2125 2559 ⁸)

243 2659 272 2664 ··
300 2641 334 2695 1)
365 2639 452 2684 Od.
484 2640 568 2683 III.
597 2640 666 2694 29,
696 2642 736 2683 1.
767 2640 1046 2697 Tyrrhena
1074 2656 1256 2697 regum
1284 2641 1583 2699 progenies.
1624 2641 1805 2685 Cf.Sat.
1836 2641 1872 2684 I.
1901 2643 1944 2697 6,
1973 2645 2011 2686 1.
2051 2642 2252 2702 Propert.
2279 2644 2363 2687 ΙΙΙ.
2384 2645 2485 2699 7,1.

166 2705 321 2751 Livius
353 2705 412 2751 X.
441 2707 482 2763 3,
509 2707 551 2751 2.
580 2707 621 2761 5,
652 2706 717 2751 13.
778 2705 910 2751 Silius
938 2706 1037 2750 Ital.
1070 2706 1171 2762 VII,
1199 2707 1268 2751 29.
1298 2707 1355 2751 Χ.
1380 2708 1451 2752 40.
1508 2707 1743 2752 Horatium
1773 2708 1968 2753 imitatus
1997 2716 2065 2754 est
2088 2709 2305 2755 Martialis
2320 2710 2486 2770 Epigr.

166 2772 345 2829 xl1.4‚
373 2775 415 2818 2.
474 2773 630 2817 Atavi
667 2773 845 2817 nomine
874 2773 1198 2831 antiquissimus
1234 2773 1415 2833 quisque
1454 2775 1714 2833 appellatur.
1772 2775 1835 2820 Et
1862 2792 1947 2835 quo
1986 2776 2139 2821 ordine
2179 2785 2364 2822 atavus
2402 2795 2488 2824 nu·

164 2847 376 2896 meretur,
403 2840 490 2885 vid.
509 2840 691 2885 Plautus
716 2840 761 2884 in
778 2840 915 2884 Persa
943 2840 978 2884 1.
1001 2841 1042 2897 2,
1070 2842 1112 2884 5.
1171 2840 1205 2896 ²)
1230 2840 1362 2899 Apud
1378 2840 1639 2886 Ciceronem
1656 2842 1710 2885 de
1726 2842 1852 2887 Orat.
1881 2843 1916 2886 1.
1935 2844 2005 2898 40,
2036 2844 2129 2888 184.
2160 2845 2482 2903 praesidium

165 2906 455 2953 clientibus
483 2908 738 2968 porrigens3
771 2907 895 2967 Virg.
923 2908 1039 2952 Aen.
1067 2907 1151 2951 XI.
1180 2909 1249 2952 58.
1279 2908 1597 2967 praesidium
1625 2909 1890 2953 Ausoniae
1920 2909 2091 2968 Pallas3
2121 2910 2250 2956 Ovid.
2277 2911 2394 2973 Epp.
2423 2929 2485 2958 ex

164 2963 310 3018 Ponto
343 2977 377 3019 1.
407 2977 448 3030 6,
479 2977 543 3019 14.
573 2976 690 3031 „Qui
718 2976 823 3018 mihi
852 2975 1172 3034 praesidium
1200 2975 1398 3031 grande
1426 2977 1599 3019 futurus
1629 2977 1767 3030 eras“,
1796 2976 2066 3033 Graecinus3
2106 2978 2265 3023 Horat.
2294 2980 2410 3039 Epp.
2443 2982 2487 3024 1

165 3041 208 3092 7,
234 3041 304 3085 37.
347 3057 543 3100 rexque
572 3050 825 3100 paterque
854 3041 976 3085 audit
1003 3041 1253 3085 Maecenas.
1312 3041 1348 3097 ⁸)
1378 3042 1487 3085 Hor.
1519 3042 1694 3086 Od.11.
1726 3043 1792 3096 17,
1829 3044 1870 3086 4.
1914 3043 2212 3099 Maecenas,
2251 3061 2481 3091 mearum

165 3102 376 3152 Grande
407 3108 562 3153 decus
591 3108 936 3168 columenque
964 3124 1157 3164 rerum3
1185 3106 1536 3165 Virgil.Geo1-g.
1568 3108 1628 3153 ΙΙ.
1656 3109 1726 3154 40.
1760 3108 1802 3155 Ο
1832 3109 2007 3167 decus,
2034 3127 2062 3156 o
2090 3111 2264 3156 famae
2293 3112 2488 3158 merito

164 3185 286 3229 pars
313 3175 537 3217 maxima
565 3182 795 3229 nostrae,
838 3175 1126 3217 Maecenas.
1183 3174 1359 3229 ⁴)Hor.
1389 3174 1474 3218 Od.
1503 3175 1584 3217 IV.
1611 3177 1652 3230 2,
1681 3176 1748 3218 17.
1808 3176 1846 3231 ⁵)
1877 3176 1956 3220 VI.
1985 3144 2054 3220 35.
2086 3178 2155 3221 70.
2186 3180 2281 3222 125.
2340 3180 2380 3234 ⁶)
2409 3179 2480 3223 Cf.

166 3234 296 3281 Plato
323 3238 454 3298 Apol.
483 3239 611 3285 Socr.
639 3242 708 3286 36.
739 3241 798 3284 D.
851 3239 1066 3285 Pindarus
1097 3239 1276 3300 Olymp.
1309 3240 1344 3285 Ι.
1376 3241 1498 3284 1—7.
1543 3240 1676 3301 Pyth.
1707 3241 1767 3285 11.
1799 3243 1922 3288 1—8.
1961 3243 2030 3288 ed.
2058 3244 2203 3290 Ahlw.
2263 3245 2302 3303 ⁷)
2330 3245 2491 3291 Livius

156 3300 247 3346 Vl.
277 3305 317 3359 7,
345 3306 386 3348 3.
445 3306 484 3364 ⁸)
514 3307 670 3351 Horat.
701 3307 787 3351 Od.
817 3307 878 3351 ΙΙ.
906 3309 947 3364 2,
978 3309 1042 3351 10.
1087 3308 1171 3352 ΙΙΙ.
1202 3309 1268 3363 16,
1295 3309 1364 3352 26.
1391 3332 1450 3340 --
1476 3308 1691 3368 Libyeis
1717 3309 1853 3354 areis
1882 3310 2151 3355 Mauritania
2193 3311 2489 3372 significatur.

167 3366 238 3413 Cf.
270 3369 436 3415 Lucan.
468 3372 622 3417 Phara.
652 3375 734 3419 IX.
752 3375 860 3419 41.8
921 3374 1166 3420 Columella
1193 3375 1278 3419 ΙΙΙ.
1307 3376 1347 3429 8,
1368 3376 1416 3419 4.
