2633 3738
1147 95 1482 154 -24-

140 251 299 302 posse,
335 239 505 291 deinde
539 222 788 289 sententiae
823 237 914 287 loci
948 238 1238 287 contrarium
1278 252 1383 288 esse
1417 237 1696 287 arbitratur.
1753 237 1871 298 -Quij
1894 238 2026 288 satis·
2045 253 2109 290 ae¹
2134 239 2321 293 habere
2362 254 2476 303 pro-

144 318 299 371 fess'us
332 323 494 380 fuerit,
526 322 629 383 ejus
663 335 756 369 non
781 335 887 369 esse
921 334 1023 369 rem
1058 334 1194 368 snam
1225 319 1514 380 parsimonia·
1529 336 1531 338 ·
1546 334 1721 380 augere
1746 318 1878 369 velle.
1946 319 2199 372 Idfacero·
2220 322 2476 373 dicit-ava*-

142 419 237 463 ros,
287 404 370 465 qui
417 402 632 465 quaesitis
678 407 880 464 parcant
924 406 975 452 et
1019 401 1301 462 abstineant,
1352 406 1408 451 ut
1453 408 1623 451 acervo
1671 415 1856 463 semper
1902 401 2083 464 aliquid
2109 402 2312 455 addant.
2341 444 2344 447 .
2379 403 2474 455 Sed

140 485 487 546 Peerlkampus
532 500 561 532 a
607 498 720 533 vero
766 484 906 544 plane
952 484 1149 531 aberrat
1193 483 1510 543 existimans„
1544 484 1591 532 in
1638 484 1797 532 verbis
1849 483 2021 543 Quam
2068 485 2123 532 sir
2144 485 2476 546 Mygdoniis

142 582 373 628 regnum
410 567 669 627 Alyattei
715 571 805 615 cet.
838 566 956 615 nihil
991 567 1143 615 inesse
1178 566 1267 614 nisi
1303 566 1539 627 ingratam
1576 566 1908 634 repetitionem
1954 566 2164 629 ejusdem
2197 568 2292 617 rei:
2339 566 2474 633 Gon·-

139 654 350 698 temtae
383 650 636 697 dominus
671 648 1036 709 splendideor
1071 649 1175 706 rei,
1214 648 1387 707 Quam
1424 650 1472 697 si
1507 648 1779 710 quidquid
1812 654 1938 696 arat
1972 649 2211 710 impiger
2245 651 2474 711 Apulus,

142 732 443 795 Occultare
479 732 615 781 meis
651 731 871 780 dicerer
906 731 1138 780 horreis.
1209 730 1326 790 Quae
1361 746 1439 779 res
1473 731 1611 791 plane
1647 732 1706 780 ab
1740 731 1834 780 illis
1869 731 2106 781 abhorret.
2355 737 2366 748 '

279 814 487 864 Multum
540 815 667 864 enim
711 815 914 865 interest
970 814 1095 864 inter
1138 812 1566 863 latifundiorum
1613 814 1880 875 dominos,
1928 828 2034 877 quae
2079 819 2190 865 sunt
2239 815 2407 876 Italiae,
2431 815 2472 879 ¹)

141 897 377 958 imprimis
411 897 614 958 Apuliae‚
651 902 700 945 et
733 897 859 946 inter
893 896 1250 945 latifundiorum
1286 909 1661 956 possessoreS‚
1698 896 1778 957 qui
1812 910 1954 957 agros
1987 897 2245 958 vectigales
2279 898 2470 958 provin-

138 980 321 1028 ciarum
356 984 544 1028 tenent:
592 980 675 1041 qui
717 980 828 1041 Jure
863 979 975 1027 belli
1011 978 1121 1026 olim
1166 977 1344 1038 publici
1391 979 1553 1039 populi
1587 979 1787 1026 Romani
1834 978 1947 1027 facti
1993 985 2142 1038 erant,
2188 979 2272 1029 sed
2305 980 2472 1028 incolis

138 1062 316 1110 redditi
354 1062 430 1110 vel
466 1062 730 1121 publicanis
766 1062 842 1109 vel
876 1061 1146 1109 decumanis
1181 1060 1323 1108 locati
1357 1061 1609 1121 vectigalia
1642 1061 1866 1121 pendunt.
1883 1061 1919 1120 ²)
1988 1062 2157 1109 Altera
2189 1062 2272 1109 illa
2311 1076 2469 1122 prae·

138 1144 234 1191 dia
253 1148 420 1203 erant,
469 1143 642 1204 quibus
689 1143 942 1203 vectigalia
990 1142 1212 1202 imposita
1257 1142 1399 1201 nulla,
1449 1155 1572 1203 quae
1613 1142 1764 1191 libera
1809 1147 1952 1203 atque
2000 1143 2224 1191 immunia
2270 1148 2416 1192 erant.
2432 1144 2470 1201 3)

138 1224 335 1285 Quanta
371 1226 488 1274 haec
523 1225 776 1273 latifundia
796 1224 955 1284 Apula
989 1224 1178 1282 fuerint,
1214 1223 1425 1272 declarat
1450 1223 1698 1283 Domitius,
1733 1224 1815 1285 qui
1839 1229 2031 1273 auctore
2051 1224 2253 1273 Caesare
2267 1225 2305 1286 ⁴)
2332 1225 2470 1273 Pom-

137 1308 326 1369 pejanis
378 1307 634 1366 „militibus
668 1307 716 1353 in
752 1306 972 1353 concione
1007 1319 1149 1364 agros
1184 1320 1244 1353 ex
1280 1306 1380 1353 suis
1424 1305 1798 1365 possessionibus
1844 1306 2107 1366 pollicetur,
2154 1311 2386 1367 quaterna
2420 1307 2469 1355 in

137 1388 352 1450 singulos
395 1389 568 1451 jugera
614 1392 662 1436 et
708 1402 795 1449 pro
844 1393 952 1435 rata
997 1391 1134 1448 parte
1181 1387 1533 1436 centurionibus
1579 1386 1920 1449 evocatisque.“
1996 1385 2129 1448 Quos
2176 1401 2316 1449 agros
2357 1388 2469 1436 olim

139 1470 276 1518 Sulla
312 1471 579 1519 dominante
614 1470 875 1519 Domitium
911 1470 1000 1518 sibi
1036 1483 1228 1531 perasse
1264 1470 1416 1518 tradit
1451 1469 1643 1518 Cassius
1678 1470 1768 1517 Dio
1804 1470 1882 1517 lib.
1917 1470 2042 1518 XLI.
2075 1457 2177 1531 cap.
2201 1474 2273 1518 11.
2310 1471 2469 1533 Atque

136 1554 260 1602 haec
295 1552 549 1601 latifundia
581 1554 781 1615 agrique
816 1553 1025 1601 continui
1061 1553 1235 1613 partim
1259 1553 1428 1600 coemti
1443 1554 1479 1613 ῦ)
1516 1557 1665 1611 erant,
1701 1552 1874 1612 partim
1904 1553 1949 1599 vi
1973 1553 2299 1614 calumniaque
2313 1553 2351 1613 ⁶)
2380 1566 2465 1613 pa-

142 1638 251 1685 rati.
320 1638 499 1698 Agros
536 1652 649 1685 vero
686 1636 1002 1696 vectigales
1039 1636 1085 1682 in
1120 1636 1375 1695 provinciis
1412 1650 1503 1683 non
1538 1635 1687 1683 solum
1722 1635 1914 1696 privati,
1962 1635 2051 1684 hoc
2085 1641 2170 1696 est,
2214 1637 2339 1685 cives
2374 1636 2467 1684 Ro-

142 1720 268 1768 mani
311 1719 629 1780 possidebant,
646 1719 682 1779 ⁷)
731 1718 814 1767 sed
860 1718 1079 1766 civitates
1126 1718 1281 1777 etiam,
1329 1722 1384 1765 ut
1417 1717 1625 1766 Atellani
1638 1718 1675 1778 8)
1711 1724 1761 1766 et
1794 1718 2052 1779 Arpinates
2069 1718 2111 1782 ⁹)
2144 1719 2191 1767 in
2228 1717 2469 1779 Cisalpina

141 1802 303 1850 Gallia
338 1801 589 1850 habebant.
660 1798 876 1860 Quorum
911 1801 1196 1861 municipum
1229 1800 1474 1847 commoda
1507 1801 1663 1847 omnia
1698 1814 1949 1861 omnesque
1985 1800 2250 1859 facultates,
2294 1801 2468 1862 quibus

136 1891 191 1932 et
207 1899 364 1932 *sacra
400 1885 628 1932 conficere
677 1890 726 1931 et
762 1890 893 1931 sarta
939 1890 1068 1931 tecta
1113 1884 1299 1931 aedium
1345 1898 1590 1931 sacrarum
1638 1885 1939 1945 locorumque
1985 1885 2296 1932 communium
2342 1886 2469 1933 tueri

142 1973 353 2027 possent,
401 1968 475 2014 his
510 1967 559 2013 in
606 1967 734 2026 agris
779 1966 1090 2026 vectigalibus
1136 1966 1404 2014 constitisse
1452 1967 1568 2013 dicit
1603 1965 1780 2013 Cicero.
1848 1966 1910 2013 Hi
1958 1968 2061 2025 agri
2107 1967 2282 2014 colonis
2324 1968 2467 2014 locati

136 2050 383 2098 mercedes
417 2048 726 2110 praebebant,
764 2049 935 2109 quibus
971 2063 1114 2096 onera
1148 2049 1229 2096 illa
1264 2048 1457 2109 publica
1492 2049 1850 2097 sustinerentur.

276 2130 492 2191 Quorum
541 2146 800 2193 agrorum
849 2131 1202 2191 victigalium
1239 2130 1403 2180 Cicero
1421 2133 1478 2191 ¹⁰)
1516 2133 1635 2179 hanc
1681 2132 1866 2179 omnino
1911 2132 2141 2180 rationem
2189 2132 2303 2180 dicit
2349 2147 2467 2192 esse,

138 2215 269 2277 quod
294 2215 465 2263 ceteris
500 2219 585 2262 aut
619 2220 828 2263 certum
865 2215 1133 2275 impositum
1171 2215 1418 2276 vectigal
1449 2215 1525 2273 sit,
1556 2214 1680 2275 quod
1716 2214 2145 2275 stipendiarium
2177 2214 2376 2274 dicatur,
2412 2210 2468 2263 ut

140 2298 369 2359 Hispanis
404 2303 454 2346 et
489 2297 731 2358 plerisque
756 2297 1033 2356 Poenorum,
1068 2298 1202 2358 quasi
1239 2297 1469 2346 victoriae
1504 2298 1765 2358 praemium
1800 2312 1856 2346 ac
1889 2312 2041 2358 poena
2074 2298 2201 2357 belli,
2237 2302 2322 2346 aut
2347 2312 2465 2346 cen·

136 2381 347 2428 soriam
382 2380 719 2427 locationem
755 2380 1060 2427 constitutam
1097 2395 1211 2439 esse,
1246 2385 1301 2427 ut
1336 2381 1503 2427 Asiae
1538 2380 1641 2439 lege
1677 2379 1963 2440 Sempronia.
2033 2380 2263 2428 Siciliae
2299 2381 2467 2428 civita-

137 2470 213 2510 tes
250 2463 319 2509 sic
354 2463 403 2509 in
436 2462 693 2508 amicitiam
730 2460 963 2521 fidemque
988 2463 1302 2509 Romanorum
1338 2467 1556 2521 receptas
1590 2476 1707 2519 esse,
1741 2466 1797 2508 ut
1832 2462 1994 2509 eodem
2024 2463 2133 2523 jure
2167 2467 2338 2521 essent,
2373 2476 2467 2522 quo

139 2545 355 2604 fuissent,
391 2543 556 2593 eadem
578 2543 852 2592 condicione
884 2544 1063 2604 populo
1084 2544 1290 2592 Romano
1325 2548 1563 2613 parerent,
1599 2558 1693 2604 qua
1718 2544 1814 2591 suis
1839 2549 1980 2592 antea
2001 2544 2281 2604 paruissent.
2350 2543 2465 2592 Per-

138 2642 317 2689 paucas
354 2627 544 2676 Siciliae
579 2627 800 2675 civitates
848 2626 972 2673 bello
1008 2640 1037 2674 a
1070 2627 1292 2675 Romanis
1327 2627 1548 2675 subactas
1584 2640 1716 2673 esse:
1774 2640 1973 2688 quarum
2009 2641 2124 2687 ager
2159 2640 2302 2687 quum
2338 2630 2465 2674 esset

138 2711 356 2771 publicus
390 2710 556 2772 populi
592 2710 790 2757 Romani
826 2708 995 2767 factus,
1031 2714 1187 2757 tamen
1213 2708 1383 2757 Siculis
1417 2709 1651 2757 redditum
1682 2724 1808 2756 esse:
1845 2709 1926 2770 qui
1956 2723 2072 2769 ager
2099 2709 2320 2769 vectigali
2343 2722 2465 2757 novo

139 2794 363 2854 imposito
399 2793 527 2840 nullo
562 2792 894 2841 decumanus
929 2790 1085 2839 factus
1120 2806 1149 2838 a
1177 2792 1450 2840 censoribus
1479 2791 1638 2850 locari,
1674 2792 1896 2840 decumae
1922 2792 2024 2852 lege
2044 2791 2298 2839 Hieronica
2324 2791 2463 2839 vendi

137 2876 335 2924 soleant.

280 3059 311 3108 ¹)
343 3056 444 3101 Vid.
477 3055 570 3101 Cic.
602 3055 680 3100 Or.
711 3055 756 3098 in
788 3054 887 3099 Cat.
922 3054 978 3098 11.
1011 3055 1049 3097 8.
1083 3054 1155 3098 ubi
1185 3054 1539 3114 possessiones
1581 3054 1677 3114 agri
1705 3062 1808 3099 sunt
1837 3054 2092 3115 amplissimi
2122 3062 2255 3115 atque
2284 3053 2463 3114 praedia.

141 3126 171 3175 2)
202 3125 272 3170 Cf.
304 3124 485 3170 Sallust.
516 3123 625 3182 Jug.
655 3124 724 3173 31,
753 3123 794 3165 9.
854 3121 889 3177 3)
922 3121 991 3165 Of.
1023 3122 1180 3165 Heinr.
1211 3122 1266 3166 ad
1294 3122 1506 3166 Juvenal.
1543 3122 1621 3166 lx.
1651 3123 1719 3166 54.
1754 3123 1829 3166 lv.
1859 3124 1926 3166 26.
1986 3124 2023 3173 ⁴)
2053 3121 2107 3166 de
2137 3122 2266 3166 Bello
2296 3120 2392 3166 civ.
2427 3122 2464 3165 Ι.

143 3195 211 3238 17.
271 3194 310 3249 ⁵)
339 3193 497 3237 Horat.
529 3190 615 3237 od.
647 3191 707 3234 11.
736 3192 778 3246 3,
808 3191 875 3234 17.
935 3190 966 3242 ⁶)
996 3189 1106 3234 Hor.
1139 3188 1225 3234 Od.
1254 3191 1315 3234 11.
1347 3191 1413 3245 18,
1441 3190 1622 3235 23—28.
1682 3189 1774 3235 Sat.
1807 3190 1866 3235 11.
1889 3190 1930 3246 2,
1961 3191 2055 3234 130.
2112 3189 2320 3235 Juvenal.
2335 3188 2463 3233 xlv.
2519 3221 2523 3224 -

141 3263 224 3306 140
252 3277 341 3321 seq.
374 3260 566 3319 Appian.
598 3259 650 3302 B.
669 3258 721 3303 C.
751 3259 787 3302 I.
818 3259 857 3302 7.
921 3258 955 3312 ⁷)
986 3257 1079 3302 Cic.
1113 3258 1237 3302 Fam.
1269 3258 1399 3302 XIII.
1430 3259 1497 3303 72.
1557 3258 1596 3314 ⁸)
1627 3257 1717 3303 Cic.
1748 3257 1862 3317 Epp.
1895 3258 2019 3302 Fam.
2049 3257 2180 3302 XIII.
2206 3257 2246 3300 7.
2306 3257 2341 3311 ⁹)
2371 3254 2465 3301 Cic.

141 3329 267 3372 Fam.
303 3328 432 3371 x-lll.
467 3330 529 3370 11.
594 3326 645 3378 ¹⁰)
676 3326 805 3369 Verr.
837 3325 919 3368 111.
950 3326 989 3368 6.
1067 3335 1075 3349 “
