2633 3738
1140 107 1440 152 -9—

220 223 591 286 necatum
623 233 844 284 Romam
854 234 1108 285 maximam
1138 239 1325 296 partem
1356 234 1683 296 permutandis
1715 234 1951 284 mercibus
1979 238 2035 284 et
2067 233 2165 283 suis
2199 247 2306 282 cum
2338 246 2449 295 pro-

128 305 304 381 vinciis
344 316 646 366 exercebant.
712 314 898 366 Arabes
935 323 1059 378 quae
1086 330 1134 366 e
1157 316 1277 365 mari
1322 319 1424 366 aut
1451 317 1619 366 silvis
1613 321 1854 379 ceperant
1898 316 2122 366 Romanis
2161 314 2450 377 Parthisque

86 437 88 439 -
134 398 362 476 praesenti
394 398 595 460 pecunia
628 398 895 448 vendebant
937 412 1024 447 nec
1056 398 1106 446 in
1137 398 1287 448 vicem
1322 399 1582 461 quidquam
1615 398 1924 459 redimebant,
1971 403 2028 447 ut
2060 398 2278 447 maximae
2322 395 2451 458 apud

136 494 218 530 eos
251 479 569 529 Romanorum
602 484 748 541 atque
779 479 1066 531 Parthorum
1098 490 1214 540 opes
1256 480 1580 529 subsisterent.
1594 479 1631 542 1)
1699 479 1816 540 Quae
1847 479 2020 528 damna
2066 480 2321 528 sentientes
2355 478 2449 527 Ro-

135 561 405 610 manicam·
413 565 710 622 quaestorem,
742 561 819 608 cui
839 560 1039 622 aquaria
1063 556 1306 621 provincia
1328 561 1599 621 obvenerat,
1631 560 1889 622 prohibere
1911 560 2145 623 jubebant
2174 574 2268 622 quo
2296 560 2451 608 minus

135 636 322 694 aurum
334 645 678 705 argentumque
710 642 922 692 Puteolis
955 645 1309 704 exportaretur:
1330 642 1367 705 ²)
1402 656 1431 691 a
1464 657 1559 706 quo
1594 643 1803 704 emporio
1835 643 1930 691 iam
1957 642 2121 692 liberae
2155 642 2449 704 temporibus

136 701 411 788 reipublicae
444 724 641 774 Romani
676 724 953 774 commercia
984 725 1268 788 negotiaque
1301 726 1491 787 privata
1525 740 1630 774 cum
1664 724 2001 775 Alexandrinis
2036 725 2302 787 ceterisque
2334 725 2451 774 civi·

136 808 318 857 tatibus
351 807 481 856 Asiae
514 807 764 855 maritimis
798 805 1175 869 frequentabant.
1243 807 1372 873 Quae
1405 813 1675 857 mercatura
1705 822 1880 870 resque
1919 807 2217 857 navicularia
2247 807 2451 856 maxime

137 886 426 951 augebamr,
443 904 511 939 ‚ex
544 904 638 951 quo
670 893 812 950 capta
844 889 1137 938 Alexandria
1168 905 1262 938 non
1294 891 1542 939 Puteolani
1575 891 1726 951 modo,
1767 890 1852 939 sed
1884 890 2190 951 Neapolitani
2222 890 2365 938 etiam
2400 894 2450 938 et

138 966 382 1022 Ostienses
415 965 669 1033 omnesque
702 972 914 1020 coloniae
942 972 1210 1022 maritimae
1243 974 1344 1034 ejus
1378 974 1449 1021 rei
1482 973 1739 1034 participes
1773 976 1884 1021 sunt
1917 971 2085 1020 factae.
2101 972 2138 1032 ⁸)

270 1054 468 1103 Romani
511 1053 659 1115 igitur
693 1068 798 1102 cum
827 1054 1090 1103 Nabataeis
1128 1055 1229 1116 jam
1263 1060 1404 1104 autea
1440 1055 1666 1103 societate
1710 1058 1856 1115 atque
1900 1054 2109 1103 amicitia
2156 1055 2392 1116 conjuncti
2411 1054 2450 1115 ⁴)

128 1137 359 1198 Aegypto
405 1135 592 1185 devicta
634 1139 690 1184 ut
720 1135 937 1184 omnibus
971 1136 1353 1185 commerciorum
1392 1136 1659 1195 commodis,
1705 1150 1827 1196 quae
1861 1135 2049 1184 Arabes
2081 1135 2282 1197 Indique
2328 1135 2451 1184 fere-

140 1212 270 1279 bant,
311 1218 593 1280 potirentur,
608 1217 646 1279 5)
681 1216 808 1266 felici
840 1221 943 1265 tum
976 1217 1185 1266 Arabiae
1218 1218 1473 1279 eodemque
1506 1222 1716 1278 tempore
1756 1217 1877 1266 duce
1911 1216 2135 1266 Petronio
2168 1216 2452 1278 Aethiopiae

134 1300 313 1350 bellum
357 1298 636 1349 inferebant.
658 1298 694 1361 ⁶)
763 1299 1045 1360 Accedebat,
1097 1299 1222 1362 quod
1265 1300 1447 1349 Arabia
1490 1300 1677 1348 devicta
1717 1299 1914 1348 Romani
1969 1299 2105 1361 quasi
2156 1297 2452 1363 ὁρμητήριον

127 1383 265 1432 macti
298 1382 594 1443 videbantur,
628 1396 690 1431 ex
721 1396 813 1444 quo
847 1382 1028 1442 egressi
1061 1379 1415 1443 opulentissima
1448 1382 1592 1430 maris
1610 1382 1790 1431 Persici
1824 1383 2034 1443 emporia
2055 1382 2249 1431 Parthis
2283 1387 2453 1445 erepta

135 1469 434 1528 occuparent.
503 1464 639 1526 Quod
671 1465 789 1514 satis
823 1465 950 1513 clare
984 1465 1219 1526 expressit
1250 1469 1393 1526 poeta
1424 1464 1583 1513 verbis
1617 1465 1692 1513 his

798 1573 868 1581 —-
900 1561 1080 1595 acrem
1113 1547 1374 1595 militiam
1408 1560 1575 1616 paras

798 1629 917 1677 Non
950 1622 1079 1677 ante
1111 1628 1349 1677 devictis
1381 1627 1635 1676 Sabaeae

866 1711 1087 1772 RegibuS,
1122 1711 1431 1772 horribilique
1465 1710 1607 1759 Medo

799 1793 963 1842 Nectis
998 1793 1222 1841 catenas?

134 1874 303 1936 Quum
337 1876 486 1936 igitur
519 1876 735 1936 primum,
768 1880 823 1924 ut
855 1875 959 1924 fieri
993 1877 1126 1935 solet,
1160 1876 1440 1934 rumoribuS,
1474 1880 1576 1922 tum
1611 1875 1753 1923 certis
1787 1876 1964 1924 nuntiis
1998 1876 2195 1923 allatum
2230 1881 2369 1935 esset,
2404 1876 2455 1924 in

141 1958 370 2006 Arabiam
405 1957 589 2006 felicem
623 1958 796 2019 bellum
830 1973 890 2005 ex
924 1957 1144 2019 Aegypto
1177 1959 1352 2018 parari,
1387 1957 1531 2005 animi
1560 1957 1799 2005 hominum
1827 1973 1986 2005 rernm
2017 1958 2336 2018 parandarum
2371 1973 2452 2006 cu-

129 2038 242 2102 pidi
274 2039 445 2088 mirum
480 2043 708 2101 quantum
742 2039 1060 2101 agitabantur,
1105 2040 1395 2102 sperantium
1429 2038 1531 2088 fore
1564 2043 1621 2088 ut
1653 2039 1892 2089 Arabibus
1926 2040 2214 2102 Parthisque
2253 2040 2452 2090 devictis

134 2123 347 2172 omnium
380 2132 539 2171 rerum
572 2123 738 2183 copiae
772 2122 919 2170 totius
955 2121 1163 2170 Orientis
1209 2121 1468 2170 ditissimae
1502 2122 1697 2170 Romam
1731 2122 2011 2185 Italiamque
2052 2122 2351 2183 confluerent,
2397 2127 2452 2172 ut

141 2206 378 2255 saeculum
412 2204 604 2254 tandem
637 2219 831 2253 aureum
865 2205 1128 2253 rediturum
1162 2219 1351 2265 paxque
1373 2205 1598 2253 diuturna
1627 2205 1903 2254 restitutum
1932 2205 1993 2253 iri
2016 2206 2273 2266 videretur,
2309 2221 2453 2268 quum

132 2302 193 2336 re
227 2302 343 2336 vera
377 2288 576 2336 Romani
608 2302 767 2336 rerum
803 2288 977 2335 domini
1011 2287 1127 2336 facti
1156 2292 1325 2335 essent.
1396 2307 1398 2309 ’

273 2370 329 2418 Ιιι
362 2371 453 2433 hac
485 2374 621 2418 tanta
654 2371 916 2417 animorum
950 2370 1304 2431 perturbatione
1338 2383 1424 2417 nec
1457 2360 1662 2418 Iccium
1709 2371 1916 2420 desidem
1949 2371 2290 2431 remissumque
2324 2370 2452 2418 vide-
2507 2426 2522 2436 β

140 2467 255 2501 mus.
325 2452 417 2512 Qui
451 2452 615 2512 Iccius,
651 2453 712 2499 ad
746 2467 886 2514 quem
920 2453 1098 2512 scripta
1132 2457 1204 2500 est
1237 2453 1426 2500 Horatii
1460 2454 1664 2513 epistola
1696 2453 1807 2501 libri
1842 2455 1982 2515 primi
2017 2454 2302 2513 duodecima,
2343 2468 2453 2514 pro-

132 2538 335 2583 curator
369 2535 584 2596 privatos
605 2535 848 2595 Agrippae
882 2534 1065 2582 reditus
1098 2535 1146 2582 in
1180 2534 1340 2583 Sicilia
1374 2535 1645 2596 colligebat,
1660 2536 1696 2596 ⁷)
1731 2536 1868 2584 homo
1902 2551 2069 2596 parum
2096 2537 2186 2584 sibi
2212 2541 2452 2595 constans;

131 2601 425 2678 squamquam
458 2617 677 2676 habebat,
713 2617 883 2677 quibus
912 2620 1156 2664 contentus
1184 2617 1301 2663 bene
1323 2617 1521 2675 viveret,
1556 2618 1739 2679 majora
1765 2618 2093 2677 concupiscens
2122 2621 2455 2678 paupertatem

136 2698 339 2759 probam
368 2697 494 2747 ferre
521 2699 722 2759 nolebat,
759 2698 842 2746 sed
859 2698 1055 2760 decepto
1084 2698 1153 2745 illi
1175 2698 1390 2758 cupidine
1425 2697 1545 2746 falso
1563 2699 1678 2746 nihil
1696 2699 1813 2747 satis
1831 2704 1916 2758 est,
1958 2700 2097 2760 „quia
2130 2699 2266 2758 tanti,
2303 2713 2454 2760 quan-

130 2784 243 2829 tum
270 2780 467 2842 habeas,
512 2781 616 2829 sis.“
636 2780 673 2841 ⁸)
745 2779 902 2841 Quum
936 2794 1049 2829 vero
1084 2780 1283 2842 epistola
1315 2776 1426 2827 libri
1460 2780 1495 2827 Ι.
1530 2780 1805 2829 duodecima
1839 2785 2009 2829 exacta
2041 2786 2224 2830 aestate
2258 2781 2318 2829 ab
2354 2781 2454 2830 Ho-

132 2863 265 2911 ratio
300 2864 479 2942 scripta
493 2863 530 2924 ⁹)
565 2863 801 2924 videatur,
832 2858 1087 2925 eodemque
1121 2867 1331 2924 tempore
1356 2861 1512 2911 Iccius
1541 2877 1701 2911 curam
1730 2863 1972 2924 Agrippae
1999 2864 2230 2913 bonorum
2253 2851 2457 2925 gereret,

245 2978 310 3034 '¹)
339 2977 508 3023 Plinius
537 2978 593 3022 N.
625 2978 683 3022 H.
714 2978 792 3022 VI.
823 2979 890 3022 32.
924 2984 1036 3023 extr.
1096 2977 1127 3030 ²)
1157 2976 1247 3022 Cic.
1277 2977 1320 3020 in
1351 2976 1498 3020 Vatin.
1529 2977 1567 3021 5.
1599 2992 1677 3036 pro
1707 2976 1759 3020 L.
1789 2976 1949 3023 Flacco
1971 2978 2041 3023 28.
2100 2977 2135 3034 ⁸)
2166 2977 2459 3046 casaubonus

142 3043 216 3086 ad
226 3042 349 3089 Suet
381 3046 501 3102 Aug.
529 3047 598 3090 98.
657 3046 825 3089 Neron.
853 3047 923 3089 20.
983 3045 1138 3089 Claud.
1176 3046 1243 3088 20.
1272 3044 1339 3087 25.
1400 3043 1695 3101 Goettling,
1736 3044 1883 3087 Roem.
1922 3045 2185 3089 Staatsverf.
2226 3043 2329 3105 pag.
2359 3047 2457 3090 405.

140 3108 177 3164 4)
206 3107 423 3157 Strabol.
454 3112 482 3157 l.
513 3128 555 3172 p.
584 3112 680 3157 403.
741 3111 774 3166 ⁵)
805 3110 873 3157 Cf.
903 3111 1230 3170 Hegewisch,
1259 3110 1509 3155 Roemische
1538 3110 1833 3170 Finanzenp.
1863 3112 1958 3156 101.
2017 3111 2125 3167 ⁶)C.
2150 3113 2372 3169 Passow,
2402 3113 2459 3157 de

134 3174 200 3245 0.·
229 3171 338 3234 Hor.
369 3179 547 3238 Flacci
578 3180 681 3224 Vita
710 3186 756 3223 et
784 3187 854 3223 aet.
883 3193 926 3238 p.
956 3178 1077 3223 CIX.
1138 3178 1175 3233 ⁷)
1205 3178 1275 3221 De
1306 3178 1655 3230 procuratoribus
1685 3185 1730 3221 et
1758 3176 1944 3236 publicis
1974 3186 2020 3222 et
2046 3177 2227 3238 privatis
2253 3180 2342 3224 vid.
2371 3180 2405 3225 J
2414 3197 2460 3224 u

133 3236 250 3289 ἕως
282 3244 491 3304 Lipsius
530 3246 586 3291 ad
612 3245 761 3290 Taciti
788 3246 951 3290 Annal.
982 3245 1056 3289 lib.
1088 3245 1193 3288 ΧΠ.
1232 3244 1343 3288 Exe.
1375 3245 1426 3288 B.
1497 3244 1528 3296 ⁸)
1559 3244 1715 3288 Horat.
1747 3244 1841 3289 Sat.
1860 3244 1906 3289 I.
1939 3247 1978 3301 1,
2005 3238 2074 3290 61.
2133 3246 2172 3304 ⁹)
2200 3243 2340 3291 Guil.
2371 3246 2460 3291 Er·

141 3316 322 3355 nestus
350 3312 546 3358 Weber
576 3312 629 3357 de
659 3313 714 3366 Q.
744 3312 931 3357 Horatio
960 3312 1120 3356 Flacco
1150 3327 1252 3368 pag.
1281 3312 1375 3355 228.
1524 3345 1527 3348 .
