2633 3738
1120 129 1189 140 ..
1256 105 1319 155 22
1386 129 1456 141 ..-

116 233 273 292 igitur
305 233 428 282 Jam
462 234 642 282 virum
675 234 1083 293 expertae,·ubi
1114 240 1368 296 zeugmate
1396 236 1906 296 admissoexpertae
1933 237 1994 284 ad
2027 252 2230 298 pueros
2259 254 2458 299 quoque

119 314 379 375 pertinent,
414 313 476 363 ad
505 313 742 364 Caesarem
768 314 1038 376 Augustum
1071 314 1367 366 referuntur·
1382 336 1402 365 2:
1425 315 1518 374 Est
1549 315 1660 365 vir.
1675 317 1819 377 euim,
1852 322 1915 367 ut
1942 318 2058 368 alibi
2091 332 2230 381 saepe.
2247 320 2292 381 ¹)
2318 318 2448 368 omni

118 396 303 446 virtute
337 397 604 446 cumulatus
648 397 802 457 homo,
849 398 924 446 cui
959 397 1026 446 dii
1073 410 1279 459 semper:
1292 397 1468 458 favent,
1500 398 1781 459 qui-morte
1825 399 2038 448 venalem
2073 401 2215 462 petiit
2246 401 2448 461 laurum,

121 479 210 541 qui
240 493 302 528 ex
329 483 442 541 -qn‘o-
465 479 742 541 cognomine
777 480 1024 541 Augusti
1051 479 1334 543 appellatur,
1356 478 1954 546 ,neamochabetur-et
1989 482 2457 544 omniwpietatecov
2519 511 2522 515 ·

119 559 302 611 lenam.
351 560 520 622 *Quem
547 561 880 624 'talem-‘quum
915 562 1183 623 expertae
1216 562 1635 624 ement2puellae
1668 567 1814 624 atque
1846 564 2012 624 pueri
2044 568 2229 615 ets-rem
2252 573 2448 616 v>smmum

123 641 302 703 factu-i
336 647 385 692 et
417 643 502 705 qui
533 643 722 693 obviam
755 644 1017 705 procedant
1046 643 1215 704 cidem,
1250 645 1403 693 male·
1425 631 1688 696 ominatis
1722 658 1956 704 parcere
1989 644 2177 694 verbis
2205 643 2453 707 giubentu‘r,

0 775 23 792 r
118 723 260 785 quasi
293 723 383 774 deo
417 725 718 786 praesentes)
776 721 1047 787 Experiri
1077 728 1132 775 et
1165 730 1460 785 expertum
1492 740 1599 775 esse
1633 739 1691 775 ea
1724 725 1814 774 hoc
1847 726 1950 775 loco
1984 725 2450 787 afgnificationeyest,

119 819 225 867 qut
254 804 460 856 ooelv.
496 809 541 866 4,
580 808 621 855 3.
672 805 790 867 „Oui
824 820 911 857 rex
943 805 1139 855 deorum
1173 814 1370 867 reguum
1404 807 1454 856 in
1486 820 1600 856 aves
1631 820 1779 869 vagas
1815 807 2039 856 Permisit
2072 812 2345 869 expertus
2380 807 2447 859 fi-

118 875 296 937 delem
330 888 560 952 «Iuppiter
592 889 641 937 in
676 881 949 951 Ganymede
981 888 1145 949 flavo,“
1186 888 1330 950 apud*
1348 888 1623 939 Sallustium
1656 888 1766 950 Jug.
1805 890 1912 949 108,
1949 891 1993 937 2.
2031 902 2200 951 „quem
2230 888 2449 945 Bocchus
2503 914 2505 916 ·

117 970 295 1019 fidum
319 976 453 1019 esse
471 970 728 1019 Romanis
751 971 914 1018 multis
942 969 1051 1019 ante
1080 971 1446 1031 tempestatibus
1480 976 1746 1031 expertus
1769 970 1896 1020 illico
1924 970 1985 1018 ad
2003 970 2441 1022 Sullam—misit.“

118 1051 213 1101 Est
235 1041 426 1119 .Justini
458 1052 592 1101 xm.
629 1055 668 1112 1,
706 1056 748 1100 6.
795 1051 854 1100 de
889 1056 1076 1101 mortuo
1111 1052 1384 1101 Alexandro
1433 1058 1482 1102 et
1515 1053 1682 1104 matris
1714 1052 1853 1101 Dar-ii
1889 1052 2294 1113 dolorm-„quod-
2329 1054 2451 1113 pie-

117 1138 303 1204 taten
328 1134 443 1182 filii
477 1135 530 1181 in
566 1148 646 1192 eo,
693 1147 832 1194 quem
866 1138 923 1181 ut
956 1134 1139 1181 hostem
1174 1134 1413 1194 timuerat,
1446 1138 1681 1194 experta
1715 1137 1907 1182 esset.“
1981 1134 2071 1182 Est
2106 1133 2351 1183 Claudiani
2384 1135 2455 1183 de-

120 1215 206 1263 VI.
241 1216 417 1264 consul.
451 1216 653 1265 Hunorii
683 1217 795 1274 435,
849 1228 963 1274 „nec
997 1216 1226 1275 sanguine
1263 1216 1378 1276 solo,
1422 1215 1505 1265 sed
1539 1215 1679 1263 claris
1714 1216 1873 1275 potius
1909 1215 2050 1264 factis
2086 1220 2321 1275 experta
2354 1229 2453 1276 pa-

120 1299 380 1345 rentem.“
451 1297 506 1344 In
542 1297 713 1358 quibus
747 1297 929 1344 virum
964 1301 1049 1344 aut
1083 1296 1313 1344 fidelem
1346 1302 1431 1344 aut
1477 1297 1622 1357 pium
1658 1303 1927 1357 expertus
1968 1297 2008 1344 is
2044 1302 2130 1356 est,
2181 1298 2314 1358 cujus
2349 1298 2446 1348 vir·

124 1384 220 1439 tus,
254 1379 384 1438 fides,
418 1379 572 1440 pietas
606 1393 697 1426 usu
729 1379 936 1440 cuipiam
968 1385 1017 1426 et
1051 1379 1348 1439 experientia
1382 1380 1585 1440 probata
1619 1385 1702 1427 est.

256 1461 473 1530 Denique
508 1461 567 1510 de
602 1461 752 1520 hiatu,
788 1462 870 1521 qui
905 1462 952 1508 iu
987 1461 1146 1508 verbis
1181 1461 1305 1509 inest
1338 1462 1479 1510 male
1513 1462 1774 1523 ominatis
1805 1461 2031 1509 Parcite
2067 1461 2277 1519 verbiS,
2312 1474 2456 1520 prae-

123 1550 203 1591 ter
237 1557 308 1603 ea,
344 1558 467 1605 quae
501 1544 563 1591 ad
596 1544 720 1591 hunc
753 1545 907 1591 locum
930 1540 1322 1603 Dillenburg'erus
1358 1544 1560 1604 collegit,
1596 1548 1927 1606 comparentur
1961 1557 2083 1604 quae
2115 1543 2262 1591 habet
2285 1543 2451 1603 Virgi-

123 1626 217 1674 lius
252 1627 369 1674 Aen.
396 1626 478 1674 IV.
515 1629 625 1674 235.
672 1627 832 1687 ibique
869 1626 1105 1686 Ladewig.
1144 1626 1199 1674 V.
1237 1629 1346 1673 262.
1383 1632 1430 1674 et
1465 1626 1545 1674 XI.
1587 1630 1659 1674 31.
1697 1628 1805 1673 480.
1845 1626 1950 1674 XII.
1990 1629 2063 1673 31.
2116 1627 2215 1674 Ecl.
2253 1625 2335 1673 111.
2374 1627 2453 1673 79.

125 1708 326 1756 Ovidius
361 1709 490 1756 Fast.
527 1708 586 1755 II.
624 1712 699 1756 43.
736 1709 792 1755 A.
829 1710 884 1755 A.
919 1708 979 1754 ΙΙ.
1020 1710 1125 1755 185.
1174 1707 1356 1756 Statius
1394 1708 1519 1769 Sylv.
1556 1709 1614 1755 V.
1654 1712 1692 1768 1,
1735 1711 1840 1756 176.
1909 1708 2198 1768 Quibuscum
2234 1708 2451 1756 conferre

120 1791 234 1839 licet
270 1805 392 1852 quae
426 1791 689 1851 disputavit
723 1791 973 1851 Zumptius
1009 1790 1168 1838 Gram.
1204 1791 1283 1838 lat.
1320 1805 1419 1851 cap.
1456 1791 1489 1837 Ι.
1525 1790 1563 1852 ξ.
1597 1794 1638 1838 9.
1708 1791 1887 1850 Quibus
1923 1792 2048 1839 inter
2083 1806 2132 1839 se
2164 1791 2458 1850 comparatis.

122 1872 264 1920 facile
299 1873 436 1920 nobis
472 1874 744 1933 conjectura
773 1873 1076 1919 nominatis
1111 1873 1187 1919 vel
1221 1873 1544 1919 inominatis
1580 1873 1887 1931 supersedere
1924 1873 2097 1919 licebit.

1225 2206 1350 2293 V.

788 2341 886 2414 DE
924 2298 1261 2415 cmm
1300 2340 1396 2415 16.
1437 2351 1640 2415 LIBRI
1677 2352 1781 2415 111.

253 2499 310 2547 In
345 2499 434 2547 hoc
470 2499 676 2546 carmine
710 2499 938 2547 Horatius
974 2498 1250 2546 divitiarum
1295 2498 1391 2544 vim
1437 2502 1579 2557 atque
1626 2502 1911 2556 potestatem
1957 2496 2228 2578 maximam‘
2253 2494 2446 2555 quidem

121 2595 228 2640 esse
263 2580 392 2641 dicit,
442 2579 588 2641 idque
621 2580 850 2642 exemplis
883 2594 987 2630 cum
1022 2595 1180 2629 rerum
1215 2579 1530 2641 mythicarum
1575 2582 1675 2628 tum
1709 2579 1919 2639 Philippi
1955 2578 2241 2637 Macedonis
2292 2591 2445 2638 nuper

121 2665 268 2713 etiam
302 2662 605 2721 Menedoriss)
653 2663 838 2723 probat.
908 2662 999 2711 Sed
1046 2677 1190 2724 quum
1236 2662 1428 2709 divitias
1476 2662 1552 2709 vel
1597 2662 1825 2710 maximas
1876 2676 2028 2721 neque
2080 2660 2309 2707 securitas
2358 2674 2455 2725 nec·

118 2747 264 2797 animi
298 2744 623 2807 tranquillitas
657 2759 743 2793 uec
777 2744 1055 2804 constantia,
1090 2745 1173 2793 sed
1208 2743 1356 2805 fames
1391 2759 1550 2792 rerum
1581 2745 1811 2806 maJ'orum
1848 2747 2088 2805 sequatur,
2117 2742 2226 2804 jure
2262 2756 2312 2790 se
2332 2742 2453 2789 hor·

116 2844 227 2878 rere
261 2829 455 2877 divitias
490 2828 621 2885 dicit,
655 2842 708 2875 re
744 2827 969 2875 mediocri
1003 2841 1089 2874 sua
1116 2828 1200 2874 sed
1231 2832 1363 2874 certa
1390 2831 1650 2884 contentus,
1687 2840 1827 2886 quam
1856 2826 2045 2884 habeat,
2081 2824 2140 2871 ab
2173 2825 2442 2884 importuna

117 2910 348 2971 pauperie
382 2913 624 2967 remotam,
662 2913 890 2968 quantum
926 2909 985 2954 ab
1022 2908 1279 2968 abundanti
1317 2909 1453 2967 copia
1487 2908 1698 2956 divitum.
1767 2909 1865 2955 Nec
1901 2908 1941 2955 si
1965 2893 2122 2967 ‘plura
2156 2906 2272 2953 velit
2307 2906 2443 2953 Mae-

117 2996 335 3041 cenatem
367 2990 482 3040 dare
518 2990 608 3039 sibi
645 2990 987 3051 denegaturum
1023 3005 1138 3039 esse.

255 3106 288 3160 ι)
316 3104 427 3150 Hor.
460 3104 546 3150 od.
578 3103 612 3148 1.
645 3104 710 3159 12,
742 3104 779 3147 l.
811 3102 895 3147 111.
926 3103 966 3156 3,
998 3105 1034 3147 1.
1067 3095 1144 3146 lv.
1175 3104 1216 3158 8,
1244 3103 1313 3146 28.
1374 3101 1661 3160 Virgil.Aen.
1697 3102 1801 3146 1.-1.
1833 3101 1910 3145 Vl.
1937 3101 2033 3145 791.
2065 3099 2120 3145 de
2149 3099 2268 3144 divo
2297 3098 2453 3144 Julius

115 3172 304 3217 Ovidius
334 3172 443 3217 Met.
475 3171 577 3215 XV.
607 3171 703 3215 657.
735 3184 828 3231 sqq.
890 3169 926 3225 ²)
958 3168 1026 3213 Cf.
1058 3170 1215 3214 Horat.
1246 3170 1362 3229 Epp.
1394 3168 1452 3213 11.
1486 3171 1522 3225 1,
1555 3170 1648 3213 134.
1709 3168 1891 3213 Ovidius
1919 3168 2027 3213 Met.
2054 3167 2156 3211 XV.
2181 3167 2278 3211 677.
2336 3165 2451 3210 Par—

112 3240 254 3285 ticula
282 3239 402 3284 Jam
432 3246 652 3282 commate
680 3247 779 3296 post
818 3241 1068 3295 expertae
1099 3238 1271 3280 sublato
1300 3237 1536 3281 referen¹'a
1566 3243 1632 3279 est
1661 3237 1715 3279 ad
1745 3253 1786 3278 v.
1820 3236 2029 3279 Parcite
2058 3233 2246 3278 verbis.
2305 3232 2340 3287 ⁸)
2371 3232 2452 3276 Of.-

110 3307 347 3366 Appianus
377 3306 431 3350 do
463 3305 580 3350 bello
611 3305 691 3348 civ,
724 3304 776 3347 V.
808 3305 875 3347 78.
907 3319 1026 3362 seqq.
1651 3317 1653 3321 ·
