2633 3738
1109 135 1487 215 —23-'

210 365 212 367 ·
252 295 320 346 Inv
344 310 445 358 quo.
472 295 679 353 carmine
711 296 850 360 plura
882 296 1070 355 insunt,
1089 294 1625 357 quaesibidisplieere
1657 295 1996 358 Peerlkampus
2031 297 2159 346 dicit.
2228 297 2319 358 Qui
2357 300 2437 348 vir

115 379 295 436 ductus
319 392 413 439 pre
432 378 629 438 ,ingemi
671 378 918 438 elegantia„
965 391 1107 439 qnam
1126 420 1129 422 a
1151 377 1246 428 sibi
1290 379 1498 433 innatam
1543 379 1794 429 maximam
1839 385 1993 439 putat,
2044 381 2247 441 primum
2284 383 2436 431 verba

117 459 649 521 Conciditssaugnris
682 459 880 520 Argivi
927 460 1116 509 domus
1151 458 1218 507 ob
1263 460 1474 513 lucrum
1505 460 1772 508 Demersa
1818 462 2028 510 exitio:
2075 462 2298 511 diffidit
2345 479 2434 511 ur-

117 542 271 595 bium
304 543 504 599 Por-tas
539 542 907 602 vfiiraMacedo,
942 546 997 589 et
1030 542 1253 593 subruit
1287 543 1532 593 aemulos
1567 543 1744 603 Reges
1778 544 2095 592 muneribus
2117 552 2300 595 —tum
2333 548 2433 606 illa,

118 624 424 687 qnaepaullo
463 628 574 685 post
618 624 851 684 leguntur,
902 623 1039 672 Jure
1085 624 1385 684 per-horrui
1421 624 1562 672 Late
1608 626 1967 683 conspicuum
2012 626 2214 674 tollere
2260 631 2433 676 verti—

119 694 617 767 cem‚xMaecenaS,
664 706 910 767 equitum
949 705 1140 756 decus.
1203 705 1426 770 Quanto
1470 707 1708 767 quisque
1752 706 1861 753 sibi
1907 707 2071 766 plura
2116 712 2434 769 negaverit,

120 788 227 837 Ab*
248 788 334 837 dis
381 787 543 848 plura
587 786 736 836 feret
767 813 835 821 —-—
868 791 952 835 aut
984 787 1155 848 glossis
1188 787 1348 835 deberi
1395 792 1478 835 aut
1511 787 1698 838 aliunde
1732 782 1867 837 illata
1912 793 2056 849 atque
2105 791 2434 837 consarcinata.

116 872 374 929 existimat,
420 883 571 930 neque
614 870 662 917 in
698 870 839 917 rebus
871 882 958 918 nec
992 870 1117 930 qaod
1151 869 1212 917 ad
1247 884 1380 918 usum
1419 870 1762 931 verborumque
1798 871 2183 930 compositionem
2229 874 2433 920 attineat

118 952 321 1004 Horatio
356 952 500 1011 digna
527 951 712 1012 judicat
747 964 861 999 esse.

251 1033 343 1084 Sed
387 1033 537 1081 otium
573 1033 687 1080 mihi
734 1033 868 1080 deest
902 1032 964 1080 ad
998 1045 1055 1080 ea
1086 1032 1357 1092 refellenda,
1408 1047 1513 1093 quae
1551 1034 1685 1095 justa
1731 1034 2020 1081 refutatione
2066 1048 2158 1081 non
2204 1035 2431 1094 indigent,

115 1130 204 1164 nec
236 1117 286 1164 in
319 1116 462 1167 rebus
497 1115 678 1163 versari
714 1128 788 1162 me
828 1115 978 1175 juvat,
1026 1129 1132 1174 quae
1172 1129 1203 1161 a
1237 1116 1466 1163 communi
1500 1119 1654 1162 mente
1689 1121 1832 1176 atque
1877 1116 2064 1165 ratione
2110 1121 2303 1164 remotae
2338 1132 2431 1164 non

113 1199 457 1258 intelliguntur,
504 1197 586 1245 sed
621 1210 737 1257 quas
772 1197 853 1256 qui
887 1190 958 1244 se⁸
971 1196 1215 1257 percipere
1248 1210 1386 1256 posse
1421 1201 1604 1256 putant,
1640 1198 1792 1245 animo
1828 1199 2074 1247 intuentur
2107 1203 2156 1245 et
2197 1198 2431 1258 sensibuS,

113 1286 165 1328 et
199 1280 298 1327 suis
332 1294 383 1327 se
417 1279 713 1338 opinionibus
749 1279 962 1337 quamvis
997 1278 1128 1326 falsis
1163 1279 1270 1327 duci
1305 1280 1564 1338 patiuntur.
1633 1278 1800 1339 Itaque
1834 1281 1896 1327 ad
1930 1293 1987 1327 ea
2031 1294 2116 1327 nos
2151 1280 2431 1339 progredia-

115 1375 235 1420 mur,
270 1375 375 1422 quae
407 1361 554 1408 certis
587 1364 635 1406 in
670 1360 812 1407 rebus
847 1363 1110 1417 versantur,
1144 1360 1193 1406 in
1228 1360 1399 1419 quibus
1429 1361 1507 1420 qui
1538 1361 1660 1419 lapsi
1691 1367 1800 1408 sunt
1829 1362 2130 1420 interpreteS,
2166 1376 2256 1408 non
2287 1362 2429 1410 rebus

116 1442 467 1500 commenticiis,
502 1441 584 1490 sed
619 1440 756 1488 factis
780 1441 1130 1488 convincuntur.
1198 1441 1273 1488 Ad
1306 1441 1444 1489 finem
1479 1447 1636 1489 autem
1671 1443 1807 1503 hujus
1837 1444 2057 1490 carminis
2092 1444 2193 1491 haec
2228 1449 2352 1502 sunt,
2383 1444 2432 1490 in

115 1526 289 1586 quibus
323 1524 576 1573 offenditur
610 1524 970 1583 Peerlkampus:
1022 1524 1071 1571 in
1103 1522 1273 1583 quibus
1319 1524 1414 1572 alia
1456 1528 1681 1583 corrupta
1727 1538 1829 1572 esse
1865 1525 2097 1583 opinatur,
2145 1526 2239 1572 alia
2286 1526 2433 1586 plane

114 1609 241 1658 falsa
275 1613 323 1657 et
358 1608 545 1657 aliunde
579 1608 791 1656 intrusa:

579 1690 681 1737 Nec
716 1690 756 1737 si
791 1689 931 1748 plura
957 1689 1109 1747 velim,
1145 1694 1205 1737 tu
1241 1690 1369 1739 dare
1404 1690 1651 1749 deneges,

714 1770 1016 1820 Contracto
1051 1772 1251 1819 melius
1283 1786 1455 1831 parva
1490 1772 1750 1831 cupidine

908 1853 1226 1912 Vectigalia
1264 1855 1565 1912 porrigam,

715 1935 880 1994 Quam
916 1936 961 1983 si
996 1934 1316 1996 Mygdoniis
1350 1949 1577 1994 regnum
1613 1935 1867 1995 Alyattei

713 2018 931 2077 Campis
967 2018 1292 2065 continuem.

116 2101 298 2160 Quibus
333 2102 381 2148 in
410 2101 567 2149 verbis
586 2100 924 2159 Peerlkampus
940 2100 997 2147 V.
1015 2100 1071 2146 D.
1106 2104 1292 2148 secutus
1317 2112 1420 2146 eam
1454 2099 1699 2158 rationem,
1736 2114 1829 2160 qua
1848 2101 1949 2160 ipse
1984 2101 2072 2148 hoc
2091 2114 2279 2150 carmen
2315 2116 2425 2150 con—

115 2183 342 2241 stituerit,
377 2182 623 2242 legendum
657 2196 760 2229 esse
794 2182 935 2228 dicit:
983 2181 1028 2228 N
1038 2195 1099 2228 ec
1132 2184 1201 2227 mi
1235 2181 1397 2240 plura
1432 2182 1623 2227 velim:
1671 2187 1829 2228 cetera
1864 2196 1921 2228 ex
1958 2183 2108 2241 Epod.
2144 2185 2347 2230 carmine
2389 2188 2427 2229 1.

117 2265 274 2312 efficta
303 2278 429 2311 esse:
467 2264 616 2310 Satis
651 2274 930 2323 superque
966 2277 1044 2308 me
1080 2264 1402 2321 benignitas
1438 2267 1533 2308 tua
1557 2264 1786 2308 Ditavit.
1855 2263 2023 2323 Itaque
2047 2265 2230 2323 reliqua
2261 2267 2428 2322 omnia,

115 2361 223 2406 quae
257 2346 419 2406 spuria
452 2345 608 2403 habet,
644 2360 702 2391 ex
737 2345 824 2391 hoc
860 2344 1065 2392 carmine
1100 2344 1327 2405 ejicienda
1360 2348 1502 2403 putat
1535 2358 1637 2392 esse
1670 2344 1745 2391 his
1780 2344 1838 2391 de
1874 2346 2041 2392 causis.

248 2429 460 2474 Primum
494 2428 640 2475 verba
676 2426 976 2474 Contracto
1023 2427 1218 2474 melius
1264 2440 1438 2485 parva
1472 2426 1735 2485 cupidine
1770 2426 2098 2486 Vectigalia
2147 2428 2426 2487 porrigam

114 2523 306 2569 prosam
328 2509 594 2575 prationem
629 2522 731 2555 esse
766 2506 901 2555 dicit:
935 2521 1028 2567 quo
1053 2507 1160 2566 quis
1194 2507 1334 2566 plura
1368 2506 1621 2566 possideat,
1657 2507 1745 2555 hoc
1779 2507 1885 2566 plus
1919 2507 2087 2556 tributi
2123 2509 2171 2556 in
2205 2510 2426 2556 aerarium

113 2590 330 2640 conferre
364 2590 548 2640 debere.
615 2590 690 2638 Ita
733 2594 863 2638 certe
908 2589 1031 2638 hunc
1077 2589 1228 2637 locum
1252 2582 1632 2650 'intelligendum
1678 2604 1794 2650 esse,
1850 2595 1905 2640 ut
1951 2590 2238 2641 intellexerit
2282 2591 2427 2640 etiam

116 2673 293 2722 Comm.
330 2673 554 2733 Cruquii:
608 2674 941 2732 „Paucorum
987 2687 1278 2732 possessor
1311 2672 1522 2719 minora
1556 2672 1777 2719 tributa
1821 2674 2171 2733 persolvam.“
2245 2673 2430 2722 Deinde

113 2757 206 2804 Vir
234 2756 414 2804 Doctus
447 2756 627 2806 nescire
656 2769 706 2803 se
741 2755 868 2814 dicit,
903 2755 1026 2803 unde
1048 2759 1244 2802 *constet
1277 2754 1385 2801 vivo
1405 2755 1622 2815 Augusto
1657 2755 1838 2803 civibus
1863 2756 2083 2804 Romanis
2117 2754 2301 2803 tributa
2335 2769 2426 2816 pro

112 2852 256 2886 censu
290 2837 437 2886 fuisse
472 2838 704 2897 imposita.
771 2837 838 2884 Et
872 2842 1000 2885 recte
1037 2837 1224 2897 quidem
1259 2836 1305 2882 id
1341 2851 1392 2883 se
1425 2838 1605 2883 nescire
1640 2838 1755 2884 dicit
1783 2838 2133 2895 Peerlkampus,
2169 2837 2294 2896 quod
2317 2838 2427 2886 aliis

112 2934 300 2979 quoque
347 2920 557 2978 ignotum
605 2924 690 2966 est.
759 2918 851 2966 Sed
896 2918 1018 2966 unde
1061 2918 1371 2978 Peerlkampo
1419 2924 1603 2965 constat
1651 2919 1897 2965 Horatium
1950 2918 2007 2964 de
2053 2918 2246 2977 praediis
2295 2920 2427 2980 loqui

110 3015 322 3061 agroque
357 3000 542 3060 Sabim,
579 3006 627 3049 et
661 3001 968 3064 vectigalia
1002 3000 1164 3048 eadem
1200 3014 1313 3049 esse„
1337 3004 1480 3061 atque
1514 3000 1764 3048 tributa?
1820 2999 1873 3048 In
1909 3014 1964 3048 eo
1999 3006 2157 3049 tamen
2192 3002 2431 3050 assentior

109 3082 440 3144 Peerlkampo,
485 3083 610 3144 quod
654 3088 793 3143 neget
837 3088 964 3132 recte
1011 3082 1176 3130 fecisse
1227 3083 1510 3130 recentiores
1556 3083 1851 3141 interpretes,
1906 3082 1987 3142 qui
2022 3082 2276 3131 Horatium
2325 3085 2428 3132 haec

110 3165 312 3213 sensisse
346 3165 524 3214 dicant:
561 3164 697 3224 Quod
731 3165 831 3224 ipse
866 3164 1117 3213 contrahat
1143 3165 1423 3225 cupidinem,
1457 3179 1512 3212 eo
1535 3164 1637 3211 fieri
1672 3165 1994 3223 possessiones
2015 3178 2126 3212 suas
2154 3166 2428 3226 amplioreS,

111 3246 189 3293 vel
211 3246 326 3306 vipso
347 3252 554 3318 ‘extenso
600 3248 752 3306 agello
788 3247 961 3294 Sabino
1006 3243 1095 3295 vel
1126 3247 1231 3293 aliis
1266 3247 1446 3306 emptis.
1517 3245 1630 3304 Quae
1668 3245 1847 3304 Orellii,
1896 3246 2096 3293 aliorum
2142 3252 2218 3294 est
2252 3248 2427 3307 opinio.

108 3326 247 3386 Quod
290 3329 491 3387 primum
537 3335 666 3377 recte
713 3335 854 3388 negat
889 3330 1224 3388 Peerlkampus
1270 3329 1413 3375 verba
1459 3328 1765 3386 vectigalia
1813 3329 2112 3388 porrigere
2157 3328 2425 3390 significare
