2633 3738
1084 108 1459 181 ·-21-—

138 253 321 292 ηιμ-ψ...
406 256 437 275 w
493 258 496 261 ·
545 266 550 272 -
643 254 645 273 ³
872 238 1033 301 „vo-s,
1065 253 1101 288 ο
1131 239 1291 300 puori
1326 244 1385 290 et
1415 239 1637 301 puellae

141 324 264 364 iw·
348 331 373 348 ²
405 334 421 344 ¹·
458 335 479 353 ²
665 321 788 370 Jam
819 322 996 369 virum
1032 326 1321 382 expertae,
1351 322 1498 370 nale
1527 321 1785 370 ominatis

139 416 250 445 ,ιαμ
328 420 331 425 -
384 404 402 428 ⁵
834 400 1090 453 Parcite
1118 403 1384 453 verbis*
2537 462 2539 464 s

132 487 210 536 in
205 486 312 535 ms
320 486 580 539 admodum
605 487 828 535 variatur
844 486 1105 535 sententiis
1111 486 1440 548 interpretum.
1508 486 1741 548 Plerique
1758 499 1964 547 pueros
1989 433 2246 550 juvenibus
2272 500 2298 535 e
2323 486 2455 535 bello

135 568 388 618 Μυσίδα
421 568 690 630 opponunt
707 573 761 619 et
796 582 957 618 omnes
987 571 1146 617 aetate
1156 569 1368 617 minores
1415 569 1722 630 imbellesque
1756 568 2011 628 significari
2056 573 2274 630 putant,
2270 569 2452 630 puel·

137 651 485 711 iusquejamf
508 652 689 698 virum
725 655 999 710 expertas·
1031 652 1423 711 nupervirginae
1457 656 1630 710 nuptas
1663 650 1769 708 dici,
1820 651 2033 708 militum·
2055 652 2233 711 nuper
2274 651 2453 710 sospi-

130 738 246 780 tum
282 718 470 791 uxores·
502 746 646 793 quum
679 750 724 781 v.
743 736 784 779 9.
817 733 1094 792 virginum
1128 734 1313 782 nomine
1332 734 1542 792 virgines
1569 732 1754 780 nubiles
1785 732 2111 792 intelligantur
2138 732 2216 780 vel
2247 733 2452 792 despon-

131 818 269 863 satae
290 814 327 875 ι)
361 815 434 874 iis,
463 815 562 876 ·qu1
595 815 733 863 modo
769 815 969 875 sospites
996 814 1213 864 'redituri
1247 816 1355 864 sint.
1423 815 1515 864 Sed
1562 828 1844 876 quamquam
1891 814 2115 874 puellae
2133 814 2307 863 *haud*
2336 828 2451 863 rato

134 896 206 945 ita
238 895 393 946 latine
415 897 651 957 dicuntur,
685 900 741 946 ut
775 896 997 949 Terentia
1030 894 1322 947 Maecenatis
1349 897 1484 959 ‘apud
1503 895 1767 958 Horatium,
1779 884 1830 959 2)
1856 900 1905 945 et
1939 895 2118 945 virum
2152 909 2240 958 pro
2275 897 2450 946 marito

132 978 234 1028 diei-
272 980 501 1029 usitatum
546 983 634 1039 est,
678 977 806 1028 nullo
851 983 1009 1028 tamen
1051 978 1189 1034 modo
1235 980 1347 1029 mihi
1393 978 1507 1029 ferri
1559 994 1697 1040 posse
1747 978 1948 1039 videtur,
2000 978 2218 1040 puellas
2269 979 2449 1028 virum

134 1065 400 1122 expertas
432 1063 509 1110 hic
542 1074 705 1110 recens
740 1065 915 1121 nuptas
945 1061 1051 1121 dici,
1085 1062 1226 1122 idque
1261 1062 1443 1110 dicendi
1478 1076 1625 1121 genus
1657 1075 1689 1109 a
1721 1060 1828 1110 viro
1864 1060 2070 1122 quodam
2104 1042 2248 1110 docto·
2275 1060 2339 1109 ad
2363 1074 2450 1109 na·

132 1143 333 1191 turalem
364 1142 544 1191 veteris
577 1157 773 1204 poeseos
808 1143 1008 1191 indolem
1042 1143 1224 1203 referri,
1272 1144 1407 1204 quasi
1441 1148 1584 1203 poeta
1618 1140 1755 1204 εἴρων
1789 1142 2068 1191 Graecorum
2110 1142 2228 1190 illud
2261 1137 2449 1204 ἄνδρα·

128 1226 291 1272 θεῖσα
309 1224 386 1272 'ob
422 1226 583 1273 oculos
626 1226 859 1273 habuerit
927 1225 1063 1284 Quod
1095 1230 1324 1285 quantum
1361 1239 1390 1272 a
1423 1237 1476 1272 re
1510 1226 1645 1284 gravi
1681 1230 1729 1272 et
1763 1225 1959 1272 solemni
2005 1229 2055 1272 et
2089 1224 2278 1285 publice
2309 1224 2450 1272 insti—

132 1307 308 1355 tuenda
342 1307 609 1366 abhorreat,
647 1307 784 1355 facile
815 1311 961 1367 patet.
1029 1306 1122 1354 Sed
1156 1312 1358 1367 apparet
1391 1306 1547 1365 etiam,
1593 1320 1832 1354 commune
1866 1307 1955 1354 hoc
1995 1307 2098 1355 loco
2132 1306 2449 1367 praedicatum

132 1388 406 1448 desiderari,
442 1388 566 1450 quod
602 1389 662 1436 ad
695 1403 895 1450 pueros
931 1404 1022 1437 non
1055 1390 1209 1437 minus
1243 1403 1383 1450 quam
1416 1388 1477 1436 ad
1510 1388 1727 1449 puellas
1761 1387 2011 1436 referatur.
2079 1387 2226 1451 Cujus
2255 1389 2328 1437 rei
2352 1388 2447 1436 dis·

126 1470 387 1520 ficultatem
423 1471 505 1532 qui
539 1475 783 1519 senserant
816 1485 917 1529 rem
950 1472 1232 1533 conjecturis
1267 1471 1492 1532 expedire
1526 1472 1788 1519 voluerunt
1855 1470 2026 1532 Itaque
2061 1486 2209 1532 quum
2238 1471 2443 1519 Torren-

126 1553 223 1601 tius
255 1558 384 1601 recte
414 1553 688 1616 judicasset,
723 1567 828 1601 cum
862 1554 1054 1613 pueris
1087 1554 1165 1601 hic
1199 1554 1461 1613 innuptas
1496 1553 1718 1613 puellas
1751 1553 2098 1614 conjungendas
2129 1568 2248 1613 esse,
2284 1554 2445 1614 legen—

126 1635 237 1682 dum
273 1636 479 1683 censuit:

659 1718 800 1777 „Vos
835 1732 861 1765 o
897 1718 1077 1778 pueri,
1114 1722 1168 1765 et
1202 1718 1425 1777 puellae
1460 1723 1515 1764 et

655 1798 776 1847 Jam
811 1799 990 1848 virum
1026 1801 1319 1860 expertae“

124 1880 362 1939 posterius
398 1881 457 1927 ad
492 1881 768 1941 virginum
803 1887 1009 1928 matres
1043 1880 1289 1928 referens·
1333 1880 1436 1941 Qua
1466 1882 1736 1943 conjectura
1760 1880 2010 1940 repudiata
2029 1880 2271 1942 Bentlejus
2307 1895 2444 1927 omne

120 1963 215 2009 sibi
250 1969 475 2034 punctum
513 1965 678 2011 tulisse
714 1966 843 2010 visus
880 1970 950 2011 est
986 1964 1229 2010 scribendo

526 2046 663 2103 „Vos
700 2061 726 2092 ο
762 2047 925 2105 pueri
962 2051 1014 2093 et
1048 2045 1269 2104 puellae
1305 2044 1411 2091 Non
1446 2045 1624 2091 virum
1660 2051 1945 2104 expertae.

132 2125 235 2183 Qua
280 2141 393 2172 usus
440 2128 709 2186 conjectura
754 2128 902 2185 magis
948 2141 997 2173 se
1048 2141 1261 2185 premere
1295 2127 1498 2184 vestigia
1532 2127 1721 2172 Horatii
1769 2127 2053 2185 opinabatur
2088 2126 2443 2185 Cuninghamus

130 2209 399 2269 conjectans
445 2208 477 2255 J
486 2223 567 2255 am
613 2209 789 2256 virum
844 2214 1117 2268 expertes.
1186 2208 1279 2255 Sed
1310 2208 1399 2256 hoc
1434 2208 1666 2256 scribendi
1700 2223 1847 2267 genus
1881 2214 2144 2268 temporum
2181 2209 2445 2256 hominum-

131 2305 222 2351 que
257 2291 520 2339 rationibus
556 2306 647 2339 non
681 2292 831 2339 minus
866 2292 955 2340 hoc
991 2292 1092 2339 loco
1127 2295 1372 2350 repugnat.

264 2371 330 2422 Ut
364 2387 509 2434 supra
545 2373 759 2433 diximuS‚
793 2372 853 2423 de
887 2389 946 2423 re
974 2379 1111 2422 sacra
1147 2371 1361 2422 facienda
1394 2371 1472 2422 hic
1504 2371 1718 2433 loquitur
1738 2371 1979 2422 Horatius.
2050 2373 2309 2435 Postquam
2344 2374 2444 2435 pri-

129 2469 205 2503 ma
239 2454 382 2517 hujus
418 2456 636 2504 carminis
672 2456 868 2516 stropha
889 2455 1134 2515 Caesarem,
1170 2460 1223 2503 ut
1256 2455 1365 2502 olim
1400 2455 1664 2514 Herculem,
1702 2469 1760 2503 ex
1795 2455 2026 2516 Hispania
2060 2457 2286 2504 victorem
2322 2456 2446 2504 dixit

131 2539 325 2597 reverti,
350 2538 565 2586 ’secunda
601 2544 648 2586 et
678 2539 822 2586 tertia
841 2553 944 2586 cum
979 2538 1204 2599 privatim
1237 2542 1337 2585 tum
1371 2538 1558 2598 publice
1593 2552 1692 2585 rem
1715 2537 1921 2585 divinam
1941 2537 2044 2586 fieri
2072 2539 2223 2600 jubet,
2259 2539 2444 2599 diisque

123 2608 288 2680 grates
324 2624 537 2668 acturum
573 2626 620 2669 et
655 2620 847 2670 chorum
881 2634 1192 2681 pompamque
1227 2619 1477 2668 solemnem
1514 2623 1835 2667 matronarum
1881 2618 2077 2668 ducibus
2109 2619 2245 2669 Livia
2295 2625 2441 2682 atque

130 2688 331 2749 Octavia
365 2707 413 2749 et
446 2716 699 2761 puerorum
735 2703 1137 2762 innuptarumque.
1166 2702 1429 2761 puellarum
1463 2697 1697 2760 hortatur,
1734 2707 1788 2749 ut
1823 2702 2008 2749 obviam
2042 2702 2301 2762 procedant
2337 2703 2437 2750 vic-

127 2782 234 2830 tori.
252 2783 289 2843 ⁸)
358 2781 525 2845 Itaque
560 2788 700 2843 poeta
735 2785 895 2832 noster
924 2785 1023 2845 jam
1061 2782 1296 2832 Caesarem
1325 2783 1592 2844 Augustum
1627 2797 1798 2843 pompa
1832 2799 1922 2831 non
1956 2784 2107 2831 minus
2138 2783 2333 2846 solemni
2356 2798 2442 2833 ex-

126 2862 390 2925 cipiendum
426 2870 561 2913 curat
595 2881 734 2927 quam
768 2881 920 2926 nuper
954 2865 1129 2914 factum
1168 2871 1284 2925 erat,
1322 2880 1465 2927 quum
1499 2867 1652 2914 victor
1685 2880 1744 2914 ex
1763 2866 1982 2926 Aegypto
2017 2865 2208 2914 rediret
2276 2866 2445 2915 Verba

263 3028 1216 3089 ¹)Cf.K0el1ler,JahniiAnna1.Suppl.
1248 3029 1373 3072 VIII
1405 3045 1446 3087 p.
1478 3030 1573 3073 553.
1635 3026 1840 3087 ²)Epod.
1872 3027 2271 3074 111.21.0d.111
2300 3031 2372 3087 22,
2399 3032 2441 3075 2.

128 3096 247 3149 Num
277 3097 378 3142 sine
397 3097 497 3144 ullo
521 3096 784 3150 discrimine,
816 3103 961 3150 utrum
991 3096 1159 3144 matitae
1188 3112 1271 3139 nee
1299 3112 1368 3140 ne
1377 3097 1484 3151 sint,
1513 3095 1718 3139 mulieres
1734 3094 1931 3139 florentis
1957 3096 2100 3141 aetatis
2128 3094 2339 3155 puellae
2368 3114 2444 3156 ap·

125 3164 385 3219 poliantur
422 3164 484 3210 Of
523 3164 735 3210 Horatius
764 3148 1177 3218 Od.lV.11,22.
1237 3163 1366 3207 Ovid.
1395 3164 1504 3207 Her.
1540 3164 1572 3206 l.
1604 3164 1697 3208 115.
1740 3164 1891 3208 XVII.
1919 3164 1990 3209 39.
2019 3165 2089 3207 41.
2119 3165 2191 3208 94.
2237 3172 2288 3209 ut
2324 3165 2442 3223 apud

128 3227 379 3277 Martialem
409 3231 514 3277 XII.
544 3231 613 3285 97,
647 3232 680 3274 1.
719 3230 800 3274 vel
822 3245 948 3274 uxor
975 3230 1163 3287 puella.
1179 3229 1360 3274 dicatur.
1421 3229 1457 3286 ³)
1488 3229 1557 3275 Cf.
1589 3228 1746 3288 Virgil.
1777 3227 1948 3288 Georg.
1979 3230 2064 3276 111.
2092 3231 2162 3276 21.
2189 3247 2255 3291 sq.
2306 3232 2445 3292 Appi-

123 3309 239 3341 anus
269 3295 320 3342 Β.
355 3296 403 3342 C.
438 3296 490 3341 V.
524 3297 618 3342 130.
678 3296 874 3356 Vellejus
905 3295 965 3340 ΙΙ.
995 3296 1063 3341 89.
1121 3294 1383 3339 Ammianus
1413 3295 1708 3340 XX1.10.1.
