2633 3738
1159 133 1462 179 ...4.-

1486 198 1515 221 s

281 263 326 309 4.
371 261 418 310 A
452 275 547 323 quo
581 262 643 325 (v.
683 261 777 324 11.)
813 263 953 326 louge
987 263 1204 314 diversus
1238 266 1312 313 est
1346 276 1561 324 pauper
1612 257 1858 325 colonus,
1904 264 2183 326 quipaucis
2226 271 2478 319 contentus

142 357 290 405 agros
327 357 357 391 a
391 343 611 404 patribus
644 348 866 405 acceptos
899 359 988 394 sua
1020 346 1135 395 colit
1167 359 1322 406 manu,
1356 359 1442 394 nec
1463 342 1517 394 ‘si
1551 358 1666 418 opes
1697 345 1922 395 Attalicae
1948 352 2339 409 proponerentur,
2384 364 2476 400 un-

65 440 68 448 *
142 440 288 487 quam
321 430 711 486 commoveretur,
756 433 825 486 ut,
860 428 943 488 qui
975 442 1006 476 a
1038 429 1160 476 mari
1201 428 1457 488 abhorret,¹
1490 432 1761 489 quaestuoso
1794 428 1984 478 nautico
2017 429 2280 480 ministerio
2312 434 2476 480 utere-

141 516 238 557 tur.
304 508 474 569 Neque
507 513 679 570 nauta
721 512 880 557 tamen
913 509 1005 558 hoc
1049 510 1153 558 loco
1186 524 1292 558 cum
1325 513 1590 558 mercatore
1624 509 1976 559 confundendus
2023 515 2110 569 est,
2149 511 2203 571 1)-
2240 505 2310 559 ιη’
2330 513 2475 561 etiam

142 604 298 653 nuper
333 589 513 640 factum
537 589 692 651 video,
726 590 811 641 sed
844 594 1017 640 nauta
1050 590 1151 641 sive
1186 591 1662 653 homoenavicularius
1698 592 1799 642 sive
1830 592 2050 641 nauticus
2081 596 2169 652 est,
2204 593 2304 642 sive
2337 593 2474 643 navis

141 672 387 735 magister,
423 672 506 736 qui
540 672 582 722 si
616 672 803 723 servilis
836 672 1124 724 condicionis
1159 688 1252 723 non
1284 674 1370 734 est,
1405 687 1436 723 a
1468 678 1730 724 mercatore
1764 674 1902 735 larga
1923 674 2138 725 mercede
2161 674 2419 726 conductus
2434 676 2472 738 ²)

140 756 295 804 multo
329 756 525 804 meliore
554 756 667 804 vitae
693 756 974 806 condicione¹
997 756 1309 816 utiatidemr,
1343 746 1489 818 quam
1520 756 1767 818 quinem
1796 759 2012 806 veterum
2044 756 2265 819 patrios
2300 748 2475 810 findit

115 840 368 887 sarculo
403 851 568 898 agros
602 839 679 884 vel
714 839 949 887 sabellis
983 839 1183 887 doctus
1218 833 1499 898 ligonibus
1526 824 2022 901 'glebas'versat-‘ff
2090 839 2259 902 Neque
2292 844 2469 890 nauta

141 936 250 969 cum
283 920 643 969 latifundiorum
676 925 964 981 possessore,
993 921 1096 969 ‘sed
1135 935 1240 968 cum
1284 928 1531 981 paupere
1554 921 1727 969 ‘ruris
1772 921 1965 969 colono
2011 926 2315 982 comparatur
2332 922 2372 984 ⁴)
2419 928 2476 971 ut

140 1002 503 1056 latifundiorum
537 1002 755 1050 dominus
804 1017 909 1051 cum
956 1009 1233 1052 mercatore.
1299 1003 1516 1064 Denique
1559 1016 1658 1051 voc.
1692 1003 1928 1065 pavidus
1976 1004 2052 1052 vel
2097 1002 2331 1056 timidus
2380 1018 2474 1055 non

140 1091 363 1135 naturam
396 1090 602 1134 nautae
637 1085 885 1145 sig-nificat,
920 1086 1004 1138 sed
1019 1130 1022 1133 A
1036 1101 1211 1145 pavere
1246 1090 1332 1133 aut
1364 1086 1533 1133 timere
1577 1086 1658 1133 ille
1693 1087 1880 1145 dicitur,
1934 1101 2078 1146 quum
2110 1087 2223 1135 vitae
2257 1080 2314 1135 se*
2342 1089 2470 1148 peri-

140 1168 261 1219 culis
296 1167 570 1229 expositum
603 1166 748 1227 videt,
782 1167 921 1216 mari
955 1172 1254 1229 conspecto
1292 1167 1541 1228 turgido,
1586 1173 1671 1216 aut
1704 1168 1971 1217 monstris
2005 1168 2476 1229 natantibus·,·aut

139 1250 391 1312 scopulis
426 1246 813 1311 infamibuS,⁵)
861 1264 1004 1312 quum
1055 1264 1204 1299 mare
1250 1250 1457 1298 iratum
1504 1250 1710 1299 horret.
1730 1251 1767 1311 ⁶)
1835 1249 2004 1311 Itaque
2049 1250 2321 1312 conjectura
2353 1250 2475 1300 Hof-
2539 1249 2543 1254 ’

141 1332 272 1383 mani
306 1331 614 1393 Peerlkampi
660 1331 974 1393 impavidus
1018 1346 1048 1380 a
1092 1335 1266 1380 natura
1311 1331 1402 1380 loci
1448 1332 1604 1381 nostri·
1647 1332 1976 1393 sententiaque
2008 1336 2178 1393 poetae
2211 1333 2351 1394 plane
2390 1332 2479 1381 ab·

141 1415 323 1465 horret.
2439 1477 2443 1480 .

282 1501 324 1547 5.
380 1498 555 1547 Similis
602 1497 812 1546 condicio
860 1498 1193 1546 mercatoris
1241 1502 1326 1558 est,
1378 1499 1459 1560 qui
1504 1511 1557 1546 re
1593 1497 1858 1546 delectatur
1905 1498 2335 1558 quaestuosissima,
2388 1497 2476 1548 sed

140 1582 364 1629 maximis
399 1584 559 1628 tamen
594 1579 781 1643 objecta
815 1579 1052 1641 periculis,
1100 1579 1270 1641 quibus
1305 1580 1649 1629 circumventus
1684 1580 1795 1628 dum
1830 1585 1916 1640 est,
1964 1580 2135 1628 otium
2181 1585 2236 1629 et
2269 1580 2477 1643 oppida

140 1663 342 1713 laudat
384 1677 521 1711 rura
568 1663 667 1711 sui.
736 1662 804 1711 At
837 1662 920 1711 ubi
954 1677 1100 1711 naves
1132 1667 1320 1711 veteres
1356 1677 1645 1724 quassasque
1663 1662 1699 1723 ⁷)
1733 1661 1913 1722 refecit,
1949 1662 2101 1710 denuo
2141 1667 2341 1711 nautas
2375 1676 2478 1724 per

140 1760 274 1794 mare
309 1759 538 1794 currere
579 1745 732 1807 jubet,
768 1745 943 1806 quippe
978 1745 1059 1806 qui
1094 1732 1486 1805 paupertatem
1527 1758 1677 1807 aeque
1712 1744 1839 1792 ferre
1872 1744 1992 1792 nolit
2037 1749 2180 1806 atque
2218 1744 2479 1794 foenerator

141 1828 362 1890 Alphius.
430 1826 480 1875 Is
516 1827 641 1875 enim
673 1826 742 1874 illi
778 1841 961 1888 pauper
996 1834 1099 1875 esse
1122 1827 1324 1887 videtur,
1360 1827 1436 1875 cui
1470 1828 1753 1887 locupletior
1781 1827 1952 1887 obstat,
1988 1828 2064 1875 cui
2086 1829 2204 1876 nihil
2239 1829 2356 1876 satis
2387 1833 2475 1887 est,

146 1911 292 1974 „quia
324 1908 463 1970 tanti,
500 1899 732 1972 quantum
765 1908 957 1970 habeaS,
993 1909 1097 1958 sis.“
1124 1909 1161 1971 ⁸)
1231 1908 1322 1970 Qui
1356 1924 1502 1971 quum
1535 1911 1811 1971 pauperiem
1846 1909 2014 1959 vitium
2048 1909 2213 1970 ingens
2256 1903 2476 1970 opinetur

144 2007 264 2055 esse,
300 1996 411 2041 ante
448 1991 605 2041 omnia
641 1991 959 2054 quaerendam
991 1991 1239 2054 pecuniam
1269 1990 1407 2040 docet
1441 2006 1558 2052 esse,
1593 1992 1820 2041 virtutem
1853 1996 1963 2053 post
1996 2006 2220 2041 nummos,
2242 1991 2279 2054 ⁹)

279 2080 324 2126 6.
374 2075 408 2125 J
410 2090 486 2125 am
527 2075 589 2124 ad
618 2075 761 2136 'longe
796 2075 927 2124 aliud
960 2075 1134 2124 transit
1167 2075 1397 2124 Horatius
1432 2075 1671 2124 hominum
1705 2090 1853 2137 genus
1888 2089 2063 2137 eorum,
2099 2076 2181 2138 qui
2215 2076 2475 2137 voluptarii

280 2272 318 2335 ι)
349 2273 420 2321 Cf.
450 2273 731 2328 Quaestiones
760 2272 919 2319 Horat.
949 2272 985 2317 Ι.
1016 2289 1110 2332 cap.
1138 2272 1166 2317 5
1194 2272 1355 2328 (1847.)
1415 2272 1567 2317 Livius
1597 2271 1745 2316 XXV.
1774 2273 1816 2325 3,
1848 2274 1913 2317 11.
1974 2272 2011 2328 2)
2041 2280 2091 2318 ut
2119 2273 2231 2318 Hor.
2261 2272 2346 2318 Od.
2380 2273 2470 2318 ΙΙΙ.

140 2344 186 2399 6,
214 2344 285 2388 31.
315 2340 463 2387 navis
491 2341 766 2401 Hispanae
797 2340 1065 2398 magister.
1126 2339 1195 2384 cf
1227 2338 1317 2383 Cic.
1348 2340 1476 2383 Fam.
1508 2338 1634 2383 XVI.
1664 2330 1705 2383 9
1764 2339 1875 2384 Hor.
1905 2340 1990 2384 Od.
2023 2341 2058 2385 1.
2088 2341 2253 2393 28,18.
2312 2339 2407 2385 Sat.
2438 2341 2475 2385 I.

140 2408 282 2467 5,11.
313 2410 381 2454 19.
413 2412 452 2464 1,
479 2409 550 2453 29.
611 2408 649 2466 ⁸)
679 2409 838 2460 Horat.
870 2407 956 2452 Od.
987 2407 1072 2451 111.
1103 2407 1143 2461 6,
1171 2407 1240 2451 38.
1298 2407 1338 2462 ⁴)
1369 2407 1422 2450 In
1451 2406 1518 2450 his
1548 2406 1696 2450 omnia
1725 2407 1840 2451 bene
1869 2422 2020 2451 secum
2049 2422 2296 2466 congruere
2323 2407 2477 2452 viden-

141 2484 231 2535 tur,
269 2492 354 2522 uec
384 2483 464 2532 est,
508 2475 624 2537 quod
664 2492 766 2521 cum
802 2475 850 2520 iu
879 2474 1079 2522 versibus
1106 2474 1147 2518 9.
1178 2481 1224 2518 et
1253 2475 1318 2519 10.
1354 2473 1473 2530 totis,
1517 2481 1611 2519 tum
1649 2473 1696 2517 in
1734 2473 1881 2518 verbi
1922 2475 2108 2533 singulis
2151 2475 2473 2534 Peerlkampus

0 2586 11 2596 ,
83 2543 98 2551 “’
142 2547 328 2606 ejusque
358 2544 506 2589 aemuli
535 2543 829 2589 offendantur.
890 2541 1026 2602 Qerte
1055 2541 1162 2585 mihi
1199 2541 1438 2586 horreum
1476 2545 1557 2585 hoo
1586 2542 1682 2585 loco
1711 2541 1854 2600 magis
1891 2541 2061 2600 poetice
2103 2541 2268 2587 dictum
2297 2541 2475 2587 videtur

139 2628 278 2672 quam
306 2611 470 2671 plurali
494 2626 694 2666 numero,
726 2617 773 2654 et
801 2609 862 2653 de
891 2608 1030 2653 areis
1058 2608 1195 2654 verri
1224 2608 1416 2654 breviter
1444 2608 1609 2653 dietum
1638 2624 1772 2653 omne
1800 2624 1909 2669 opus
1939 2609 2150 2654 rusticum
2178 2608 2401 2668 significat
2428 2609 2476 2653 lu

140 2679 384 2724 frumentis
413 2678 690 2723 excutiendis
718 2676 1067 2736 colligendisque
1095 2684 1371 2735 occupatum.
1430 2676 1491 2720 Et
1519 2676 1786 2735 proprium
1825 2683 1893 2720 est
1930 2677 2190 2731 horreum,
2228 2675 2346 2735 quod
2369 2675 2470 2721 'sibi

137 2746 242 2807 quis
268 2746 352 2792 soli
380 2746 530 2801 habet,
570 2745 906 2804 oppositumque
935 2744 1208 2789 communi.
1265 2743 1366 2787 vid.
1398 2743 1490 2788 Cic.
1519 2759 1583 2787 or.
1612 2759 1693 2802 pro
1722 2743 1850 2788 Sulla
1880 2744 1962 2788 111.
1991 2744 2033 2788 9.
2091 2742 2221 2787 ovid.
2250 2742 2364 2788 Met.
2395 2742 2476 2788 VI.

138 2814 242 2861 349.
271 2829 365 2874 seq.
424 2813 648 2873 Proprie
673 2812 812 2871 igitur
839 2812 885 2857 iu
914 2812 1131 2874 horreo,
1161 2812 1284 2870 cujus
1321 2810 1541 2871 particeps
1571 2810 1681 2856 alius
1721 2818 1791 2855 est
1829 2826 1975 2867 nemo,
2014 2812 2290 2856 frumentum
2328 2816 2478 2857 servat

138 2898 288 2940 suum,
327 2883 455 2942 gravi
495 2896 672 2926 annona
711 2895 965 2940 magnoque
1001 2878 1146 2939 pretio
1181 2875 1453 2924 venditurus.
1513 2878 1601 2932 Qui
1639 2877 2041 2924 latifundiorum
2076 2877 2279 2924 domini
2317 2876 2476 2924 Horat.

140 2949 232 2995 od.
263 2949 299 2994 I.
329 2950 372 3004 4,
403 2950 475 2994 142
499 2948 560 2992 11.
592 2949 660 3004 18,
687 2948 756 2992 34.
786 2963 962 3006 reges,
992 2946 1079 2992 Od.
1109 2946 1191 2990 IV.
1219 2947 1358 3002 9,’46.
1389 2946 1530 2991 beati
1559 2946 1777 2990 dicuntur.
1835 2945 1897 2990 Et
1924 2946 2042 2990 idem
2072 2946 2203 3003 plane
2233 2951 2313 3000 est,
2342 2959 2475 3004 quem

138 3017 358 3064 Horatius
388 3015 580 3063 Od.111.
611 3015 678 3072 16,
692 3016 763 3061 31.
792 3016 1088 3075 fulgentem
1116 3014 1337 3074 imperio
1366 3013 1567 3059 fertilis
1581 3013 1795 3059 Africae
1824 3013 1941 3059 dicit.
2001 3013 2113 3067 Qua
2142 3012 2477 3059 latifundiorum

138 3085 440 3146 possessiones
469 3099 497 3129 a
524 3083 664 3128 servis
692 3084 960 3128 aratoribus
970 3083 1246 3128 colebantur.
1305 3082 1376 3127 Cf.
1405 3081 1625 3126 Martialis
1651 3081 1807 3142 Epigr.
1838 3081 1893 3126 V.
1926 3082 1992 3137 13,
2020 3081 2059 3126 5.
2091 3086 2232 3142 seqq?⁴
2261 3079 2475 3140 imprimis
2544 3109 2548 3111 ν

140 3153 312 3197 Plinius
350 3152 410 3197 N.
441 3152 501 3195 H.
532 3150 710 3196 XVIII.
740 3152 781 3207 7,
816 3152 881 3206 3.
920 3150 995 3212 qui
1030 3165 1124 3195 sex
1162 3150 1397 3195 dominos
1437 3149 1704 3194 semissem
1744 3149 1959 3193 Africae
1996 3147 2291 3208 possedisse
2328 3146 2477 3205 tradit,

136 3235 273 3281 quoe
297 3218 641 3264 interfecerit
667 3218 811 3263 Nero
839 3219 1096 3278 princeps.
1155 3218 1191 3272 ⁶)
1221 3217 1332 3262 Hor.
1351 3216 1436 3263 od.
1469 3217 1503 3261 1.
1533 3218 1576 3273 3,
1605 3218 1671 3261 18.
1702 3218 1769 3272 14,
1800 3218 1865 3261 14.
1925 3216 1963 3273 ⁸)
1990 3216 2132 3276 Epod
2151 3215 2212 3260 11.
2239 3216 2281 3259 6.
2341 3213 2476 3266 ⁷)0d.

141 3287 226 3332 IV.
254 3288 297 3344 8,
325 3287 396 3333 22.
454 3286 608 3331 Livius
636 3285 787 3331 XXV.
815 3286 859 3341 3,
888 3287 955 3330 11.
1013 3284 1167 3331 XXX.
1203 3285 1269 3330 39.
1300 3286 1341 3330 3.
1400 3283 1439 3341 ⁸)
1468 3273 1578 3329 Hor.
1608 3283 1703 3329 Sat.
1734 3283 1768 3328 I.
1800 3286 1839 3339 1,
1870 3284 1965 3328 113.
1995 3283 2064 3328 62.
2103 3281 2315 3328 Juvenal.
2346 3280 2477 3327 XIV.

136 3355 240 3399 274.
301 3353 723 3409 ⁹)Sat.11.3,.92
782 3352 1134 3412 Epp.1.1‚53.
