2633 3738
1154 105 1457 162 ..g-

544 240 795 308 Quumqne
828 257 918 306 ego
949 257 1060 293 cum
1092 243 1250 305 rebus,
1282 232 1408 319 qnae
1426 247 1570 318 totus
1601 244 1826 312 possidet
1839 240 1994 307 orbis,

547 324 835 377 Aesonidem
862 312 1086 376 mutasse
1110 325 1279 376 velim:
1313 313 1439 390 qino
1454 314 1701 391 conjuge
1716 308 1865 384 felix

541 406 617 457 Et
649 406 736 457 dis
768 421 902 457 cara
933 405 1094 457 ferar
1123 411 1183 459 et
1216 408 1407 458 sideri-a
1439 409 1681 459 'vex-‘ticio
1692 407 1930 484 tangam

137 489 243 538 Ant
285 502 417 551 qnae
440 489 553 537 olim
585 489 929 561 Macedonibus
942 490 1009 551 ²)
1024 476 1174 562 luit,
1183 490 1267 551 q'ui
1311 494 1485 551 postea
1521 491 1629 540 sub
1660 479 1862 553 imperio
1906 478 2167 564 Ptolemoei·
2181 490 2418 541 Cei-anni
2427 480 2468 542 “a

137 569 311 621 Gallis
328 570 518 621 devicti
542 569 796 634 jacebant:
852 569 1029 631 „Nunc
1051 571 1315 620 Alexandri
1348 572 1666 635 Philippique
1679 576 1850 634 regum
1895 560 2093 621 snorum
2120 559 2469 647 nominem

137 652 384 702 ιιιιιιιιιιιιιιι
416 652 467 702 ιιι
500 652 732 702 auxilium
761 652 1024 702 vocabant:
1058 652 1147 703 sub
1180 653 1275 702 illis
1303 668 1376 705 se
1395 663 1491 704 non
1518 653 1675 703 solum
1707 659 1851 716 tutos,
1883 658 2076 704 verum
2070 654 2244 704 etiam
2240 641 2466 720 victores

137 721 275 786 orbis
304 736 559 785 terrarum
580 731 823 786 extitisse.
868 738 925 785 ιιι
956 740 1210 786 tuerentur
1242 737 1503 798 patriam,
1550 750 1710 799 quam
1742 736 1928 799 gloria
1965 741 2159 788 rerum
2182 724 2468 840 gestarum

135 806 297 867 coelo
330 818 644 880 proximam
677 818 1100 868 reddidissent.“

273 900 447 963 Itaque
480 900 713 950 Horatius
756 901 959 974 gloriam
1002 901 1096 950 sibi
1139 904 1284 962 atque
1328 901 1570 950 laetitia'm
1591 900 1737 962 fingit
1771 901 1996 963 futuram,
2043 907 2224 964 quanta
2266 903 2469 965 cogitari

136 986 301 1044 potest
346 983 555 1032 maxima
588 990 705 1033 esse.
772 969 897 1033 Hinc
943 998 1051 1046 cnm
1084 982 1291 1033 Orellio
1308 983 1558 1033 lectionem
1603 983 1848 1044 vulgatam
1893 985 2137 1046 inseres,
2180 986 2467 1035 anctoritate

137 1064 325 1127 aliquot
369 1063 584 1115 codicum
636 1064 875 1115 desertam
930 1064 1137 1115 inseris
1187 1064 1459 1126 legentium,
1517 1065 1862 1114 restituendam
1907 1080 2089 1116 censeo
2156 1055 2466 1117 Transmissis

135 1147 264 1196 enim
298 1146 361 1195 ad
393 1146 723 1196 Maecenatem
754 1147 893 1196 libris
917 1146 1147 1210 judicium
1180 1146 1239 1195 de
1272 1161 1325 1196 se
1358 1151 1610 1208 exspectat·
1641 1147 1779 1195 amici
1812 1147 2056 1197 Horatius.
2121 1176 2123 1178 -

273 1227 343 1278 Ut
374 1217 594 1291 denique-
611 1228 664 1278 in
697 1229 905 1278 carmine
938 1232 1073 1277 sexto
1108 1228 1219 1277 libri
1254 1229 1459 1277 secundi*
1483 1228 1545 1277 ad
1579 1228 1910 1290 Septimium
1956 1229 2136 1297 scripto
2170 1229 2346 1292 futnrae
2391 1243 2466 1281 se-

136 1311 351 1360 nectutis
381 1310 623 1361 dcsideria
655 1309 1000 1371 describuntur,
1047 1315 1097 1360 et
1130 1311 1180 1360 in
1211 1310 1423 1374 ejusdem
1457 1310 1569 1361 libri
1602 1312 1813 1361 carmine
1845 1298 2038 1373 decimo,
2073 1312 2206 1375 quod·
2234 1312 2466 1363 Horatius

137 1392 195 1441 L.
225 1392 451 1443 Licinio
485 1389 757 1443 Murenae
791 1393 1044 1454 dedicavit,
1079 1394 1336 1443 communis
1368 1394 1448 1443 ille
1482 1394 1613 1443 locus
1648 1394 1709 1443 de
1741 1408 1889 1443 aurea
1923 1394 2250 1444 mediocritate
2283 1399 2463 1445 tracta-

135 1480 234 1536 tur,
280 1476 366 1527 sed
398 1476 565 1539 prima¹
588 1480 733 1538 atque
767 1476 935 1525 ultima
980 1465 1181 1537 stropha
1214 1491 1321 1525 eum
1354 1477 1580 1538 appellat,
1625 1476 1686 1525 ad
1718 1491 1859 1539 quem
1893 1477 2123 1539 scriptum
2156 1482 2230 1527 est
2260 1472 2464 1539 carmen,

132 1559 209 1607 sic
240 1559 291 1607 in
321 1559 465 1622 hujus
500 1559 722 1608 carminis
756 1562 807 1607 et
838 1558 995 1619 prima
1027 1559 1226 1625 stropha
1260 1559 1507 1607 dimidiata
1540 1563 1590 1607 et
1623 1564 1838 1608 extrema
1863 1560 2173 1609 Maecenatem
2204 1560 2466 1622 alloquitur

136 1640 383 1700 Horatius,
431 1644 592 1689 cetera
638 1641 688 1688 ιιι
719 1640 954 1689 communi
988 1640 1223 1688 sententia
1255 1645 1522 1730 versantur,
1567 1647 1694 1702 q'uae
1724 1640 1784 1689 de
1818 1640 1965 1689 variis
2012 1641 2253 1690 hominum
2294 1642 2464 1691 studiis

133 1728 187 1772 et
223 1723 582 1772 oblectamentis
617 1727 705 1772 est.

1244 2033 1377 2119 Π.

833 2194 932 2262 DE
972 2139 1310 2261 cARmNu
1350 2196 1446 2261 29.
1495 2195 1700 2260 LIBRI
1736 2195 1780 2260 L

272 2371 409 2419 Anno
456 2386 501 2418 u.
545 2385 582 2418 c.
620 2372 730 2418 730.
777 2385 870 2432 quo
919 2370 1082 2419 Caesar
1115 2371 1360 2432 Augustus
1411 2372 1533 2449 bello
1579 2371 1804 2420 confecto>
1826 2341 2108 2420 Cantabrico
2154 2375 2203 2419 et
2235 2370 2466 2419 Asturum

135 2455 336 2502 Romam
369 2452 528 2512 rediit,
562 2452 727 2501 Aelius
762 2452 943 2513 Gallus,
977 2452 1234 2513 praefectus
1267 2454 1504 2514 Aegypto,
1539 2454 1712 2503 bellum
1746 2455 1794 2502 in
1822 2454 2051 2502 Arabiam
2086 2453 2270 2502 felicem
2305 2468 2463 2502 susce-

133 2535 221 2597 pit.
292 2535 430 2596 Quod
473 2534 651 2583 bellum
686 2549 832 2596 quum
875 2536 1040 2596 parari
1085 2539 1303 2596 coeptum
1349 2534 1488 2596 esset,
1536 2550 1659 2585 anno
1682 2551 1737 2585 u.
1773 2550 1810 2584 c.
1847 2538 1877 2585 7
1880 2537 1957 2584 29.
1998 2540 2200 2585 exeunte
2234 2535 2464 2584 Horatius

135 2619 226 2666 hoc
259 2633 451 2667 carmen
486 2618 734 2678 scripsisse
768 2617 981 2665 vedetur.

270 2700 364 2748 Sed
398 2700 580 2748 divitiis
614 2699 841 2748 invitatos
875 2699 1089 2746 Arabum
1109 2699 1146 2760 ²)
1181 2699 1415 2748 Romanos
1449 2700 1500 2747 id
1534 2699 1708 2748 bellum
1742 2699 2047 2748 commovisse
2080 2703 2228 2759 patet,
2275 2713 2335 2746 ex
2370 2713 2463 2759 quo

134 2783 279 2844 potiti
310 2783 533 2843 Aegypto
566 2781 761 2830 Arabiae
808 2780 1091 2842 occupandae
1125 2786 1175 2830 et
1208 2796 1403 2830 causa-m·
1441 2781 1680 2831 idoneam.
1701 2786 1756 2830 et
1783 2782 2077 2830 occasionem
2119 2781 2283 2842 adepti
2328 2781 2460 2830 vide-

135 2867 325 2915 bantur,
393 2865 509 2926 Quae
532 2865 747 2913 Arabum
779 2864 964 2913 divitiae
996 2878 1101 2912 cum
1120 2864 1269 2913 -bonis
1303 2870 1496 2913 naturaev
1522 2864 1891 2925 pretiosissime,
1927 2878 2036 2925 quae
2070 2864 2463 2924 exportabantur,

132 2953 237 2998 tum
272 2949 498 2997 mercium
518 2945 796 2996 Indicarum
829 2947 1057 3008 portoriis
1090 2946 1355 3006 uberrimae,
1391 2947 1593 3008 denique
1627 2947 1688 2995 ad
1716 2947 1766 2995 id
1799 2961 1948 3007 usque
1975 2951 2161 3007 tempus
2191 2946 2462 2995 indelibatae

136 3035 274 3081 erant
288 3030 340 3093 ³),
377 3044 521 3092 quum
555 3030 697 3080 nullis
730 3034 843 3092 post
875 3029 1115 3082 hominum
1149 3030 1422 3080 memoriam
1456 3030 1593 3079 bellis
1629 3034 1901 3080 exterorum
1936 3028 2461 3079 hostium‘comminutae

132 3117 305 3162 essent.

271 3261 304 3315 ¹)
333 3259 540 3305 Justinus
568 3258 742 3303 XXIV.
770 3259 813 3315 5,
844 3261 909 3303 11.
970 3258 1007 3313 ²)
1038 3257 1200 3303 Strabo
1231 3257 1357 3301 XVI.
1386 3259 1427 3301 4.
1457 3273 1498 3316 p.
1521 3258 1617 3302 401.
1648 3257 1847 3302 Tanchn.
1908 3257 1943 3312 ³)
1969 3257 2074 3318 Qua
2102 3273 2149 3314 re
2178 3258 2364 3302 beatae
2394 3257 2462 3302 di-

132 3334 307 3382 cantur,
336 3323 465 3372 docet
495 3326 651 3371 Cicero
680 3325 814 3371 Tusc.
843 3325 899 3370 V.
927 3327 997 3383 21,
1025 3327 1093 3370 61.
2008 3325 2013 3329 '
2189 3328 2192 3333 ·
2239 3341 2241 3344 <
2413 3341 2417 3346 «
